2784 4959
536 410 994 493 COMMENTATIO·
1045 464 1049 473 .

735 614 824 711 nn

292 812 478 874 Grseoornm
496 810 635 892 hisrtste
662 809 759 891 delete
782 828 875 891 quum
902 804 1013 869 a'rtiom
1042 796 1348 887 disciplinsrnmqna'
1358 805 1359 867 l

209 916 328 979 cultura
346 936 364 975 s
384 932 488 994 regum
503 914 601 975 tutsls
618 912 750 993 pendere
762 913 939 994 incepisset,
957 908 1108 1003 imprimis
1129 895 1360 969 Alexandrini

210 1016 395 1097 ert-Perqemi
414 1015 509 1078 Attali
526 1024 558 1075 at
578 1014 743 1076 Ptolemaei
770 1034 886 1075 summo
914 1011 1015 1071 studio
1036 1011 1192 1071 librorum
1223 987 1361 1089 copisml

211 1118 388 1199 conquirere
406 1118 503 1198 iisqne
529 1138 598 1179 snas
619 1134 727 1179 ornere
748 1115 944 1177 bibliothecas
965 1114 1177 1177 instituerunt.
1241 1112 1342 1171 Unde·

77 1216 98 1274 ἶ
210 1241 330 1301 cunque
346 1220 439 1301 igitur
457 1220 551 1281 libros
572 1225 742 1279 coementes
757 1218 927 1299 'paullatim
950 1225 1063 1276 tantam
1087 1216 1191 1275 omnis
1225 1214 1364 1293 generis¹

135 1379 137 1386 .
208 1323 355 1385 librorum
377 1322 602 1383 multitudinem
623 1320 679 1381 sibi
700 1328 961 1401 comparaverunt,
984 1330 1019 1379 ut
1041 1320 1073 1378 in
1099 1340 1210 1380 eorum
1228 1320 1340 1379 biblio·

208 1424 306 1487 thecis
327 1444 416 1505 quem
439 1424 539 1506 primo
562 1423 673 1485 librum
680 1469 690 1500 ‚
713 1442 800 1503 quem
821 1432 923 1504 postea
947 1422 1082 1483 monibus
1103 1432 1204 1497 teras,
1228 1422 1339 1481 inscius

209 1526 381 1589 haesivsris.
424 1526 617 1605 Posteaquam
644 1525 737 1603 igitur
764 1525 900 1585 omniurn
930 1524 1076 1585 librorum
1107 1524 1340 1585 multitudinem

209 1637 391 1691 notaverant
408 1648 571 1708 omnesque
590 1628 770 1708 scriptores,
793 1636 938 1708 quantum
962 1626 994 1686 id
1010 1626 1077 1687 fieri
1092 1638 1251 1709 potuerat,
1276 1627 1338 1685 col-

209 1732 359 1811 legerant3
396 1729 431 1789 in
459 1729 596 1791 ordinem
627 1729 762 1809 singulos
796 1730 929 1809 redigere
956 1710 1079 1810 suoquev
1099 1748 1243 1809 quaeque
1273 1727 1337 1786 loco

209 1852 324 1916 ponera
345 1841 409 1894 srnt
427 1832 635 1895 necessarium.
680 1833 749 1908 Quo
778 1834 857 1911 saep
890 1832 1055 1893 extiterunt
1073 1832 1132 1891 viri
1152 1832 1242 1891 docti
1264 1850 1336 1911 pru·

211 1933 393 2015 dentesque,
413 1935 466 2015 qui
488 1936 621 1995 omnium
645 1936 844 2016 scriptorum,
875 1932 928 2013 qui
956 1932 989 1993 in
1014 1932 1137 1993 Grnecis
1161 1923 1221 2015 pcr
1246 1934 1337 1992 multa

211 2036 329 2097 saecula
348 2034 532 2113 floruerant,
564 2034 684 2096 nomina
707 2057 868 2117 eorumque
888 2034 997 2113 libros,
1021 2036 1181 2115 quierant
1206 2046 1262 2096 nut
1280 2036 1334 2095 iarn

210 2139 327 2219 recepti
347 2138 380 2197 in
406 2135 601 2199 bibliothecas
624 2149 677 2199 aut
701 2139 733 2199 in
757 2150 908 2223 posterum
938 2138 1121 2221 recipiendi,
1158 2140 1339 2218 colligerent

212 2259 377 2321 eorumque
397 2240 514 2301 tubulas
539 2241 707 2319 (πίνακας)
730 2242 894 2301 conderent
912 2239 965 2313 ⁸⁵).
1009 2240 1055 2299 Ex
1083 2262 1117 2300 eo
1138 2252 1281 2323 temporo
1303 2240 1337 2298 de

113 2395 115 2400 .
210 2342 359 2403 librorum
382 2342 553 2404 auoton‘bus
575 2354 716 2404 sccurete
738 2344 895 2426 explorare
917 2342 1122 2424 institutisque
1143 2344 1338 2425 disquisitio-

212 2444 321 2522 ndrus,
350 2465 389 2505 sn
418 2466 523 2506 eorum
553 2456 650 2507 essent
675 2468 785 2531 opera,
814 2446 922 2528 quibus
952 2446 1042 2523 vulgo
1071 2446 1335 2521 distribuerentur,

212 2568 299 2607 suam
314 2546 420 2607 iudicii
438 2549 626 2629 sagacitatem
643 2568 783 2610 exercere
803 2556 975 2629 coeperunt.
1004 2550 1103 2627 Neque
1123 2551 1208 2611 credi
1228 2558 1336 2633 potest,

212 2668 296 2728 reges
321 2650 359 2709 de
377 2649 526 2709 librorum
546 2650 798 2710 nobilissimorum
822 2648 987 2729 conquisitu
1007 2650 1206 2712 multitudine
1227 2671 1335 2731 super-

169 2825 172 2832 ·
213 2753 291 2829 bos,
319 2750 432 2812 invitos
458 2752 533 2811 haec
563 2753 737 2813 criticorum
762 2752 860 2813 studio
883 2750 1037 2811 admisisse
1053 2752 1113 2831 ⁸⁶),
1145 2756 1217 2834 quia
1247 2752 1335 2813 simul

214 2874 402 2915 summorum
426 2854 564 2915 virorum
591 2876 608 2913 a
634 2874 666 2914 se
695 2852 879 2913 nutritorum
914 2854 1008 2933 glorio
1041 2855 1128 2913 valde
1154 2857 1332 2933 gaudebant.

215 2955 334 3018 l'rodiit
352 2966 503 3039 praeterea
529 2976 577 3015 ars
599 2956 731 3035 singulos
755 2957 916 3038 scriptores
936 2958 1153 3038 interpretandi
1176 2969 1207 3019 et
1231 2978 1334 3019 emen-

215 3058 317 3119 dandi.
359 3058 427 3119 Noti
440 3058 533 3137 igitur
555 3069 628 3119 sunt
650 3059 746 3118 critici
760 3058 854 3118 libelli
873 3058 1057 3119 diversorum
1075 3080 1235 3139 gesserunt,
1259 3080 1333 3140 quo-

217 3182 285 3224 rum
308 3163 529 3247 tamen-nullus
551 3172 684 3222 nostram
712 3170 835 3221 aetatem
859 3162 945 3241 tulit,
978 3180 1149 3242 quenquam
1177 3164 1333 3241 Pergamo-

216 3284 324 3341 norum
340 3262 495 3325 hominnm
518 3264 618 3326 studia
634 3265 724 3324 etiam
741 3264 835 3324 multo
857 3265 1019 3343 minorem,
1041 3285 1130 3345 quem
1150 3262 1332 3327 Menandri-

216 3379 326 3429 norum
345 3367 409 3429 vim
431 3366 465 3426 in
485 3369 690 3451 posteritatem
705 3377 910 3430 exercuerunt.

247 3489 252 3497 ’
303 3504 482 3585 Quanquam
511 3504 565 3565 ills
592 3516 672 3565 netas
704 3525 766 3565 non
795 3502 831 3563 nb
871 3506 951 3565 omni
978 3514 1064 3587 perte
1090 3507 1186 3587 poitis
1216 3506 1333 3567 carebat

218 3603 476 3687 scriptoribusqne
497 3607 734 3683 excellentibus,
763 3618 862 3668 tomen
883 3616 997 3670 veteres
1022 3591 1111 3689 longe
1130 3608 1331 3692 praestantio-

253 3890 295 3961 ω)
313 3862 414 3943 Primos
436 3863 678 3981 priestantissinrpm
704 3890 814 3979 librom,
845 3890 965 3957 nivosos
991 3895 1048 3949 sois
1071 3892 1196 3989 lv'ssoiqp
1212 3892 1331 3986 'unrdslq

304 3958 1331 4106 tttttz‘ttttftnsttttttttt‚‘tst‘tttts’zntttsitt:

306 4098 437 4152 orationes
459 4115 475 4151 a
494 4101 608 4153 Beckero
631 4100 658 4153 in
682 4100 795 4171 patrium
819 4118 960 4155 sennonem
985 4106 1123 4157 translatas
1148 4124 1173 4177 p.
1191 4108 1242 4161 505
1259 4120 1329 4171 seqq·

195 4170 200 4179 '
304 4169 533 4221 Alexandrinorum
557 4170 768 4222 consuetudinem
799 4178 958 4239 exceperunt
987 4173 1139 4243 Pergameni
1163 4172 1329 4245 grammatici,

305 4238 341 4291 de
358 4238 451 4307 quibus
468 4238 641 4308 disputantem
660 4239 722 4291 sudi
739 4239 847 4291 eundem
865 4242 1007 4295 Berrkerunr
1038 4262 1063 4314 p.
1080 4245 1143 4298 507.

140 4356 148 4371 ·
253 4340 293 4409 ⁸⁸)
308 4339 352 4396 Its
366 4339 449 4395 minus
466 4349 538 4395 rests
555 4340 684 4396 Beckerns
701 4339 831 4396 iudicssss
848 4342 968 4411 ridetur,
985 4344 1003 4401 l.
1020 4346 1038 4401 l.
1056 4366 1083 4419 p.
1100 4348 1160 4403 508.
