2784 4959
10 3502 11 3521 l

10 3524 11 3559 l

10 3600 12 3637 l

160 352 163 360 '
202 452 277 505 axx
536 414 983 532 COMMENTATIO
1015 400 1021 416 ⁶

200 614 336 687 ficultate
367 608 470 675 iatam'
491 610 622 673 convelli
655 630 744 693 posse
776 608 954 671 sententiam
986 606 1135 669 arbitror.
1189 604 1358 685 Perqnam

200 716 309 779 mirum
327 714 421 791 leret,
442 712 468 772 si
484 711 633 772 Lucienus
643 742 658 789 ,·
674 712 724 795 qui
738 714 943 792 cuiuscunque
963 708 1078 791 generis
1097 706 1265 768 homines
1286 708 1357 787 ipse
1384 711 1385 718 ’

200 816 343 878 ridendos
370 822 400 875 et
429 813 670 895 perstringendos
696 824 882 897 susceperat,
911 820 1137 895 proptereaque
1174 806 1271 871 idem
1302 808 1357 867 in-

200 918 280 999 genii
304 934 446 995 acumen,
474 916 655 997 eandemque
672 917 765 978 Attici
785 914 931 978 sermonis
955 910 1160 993 elegantiores,
1194 930 1299 991 quam
1319 910 1354 970 in

177 1098 182 1105 η
198 1016 407 1102 Aristophanis
429 1017 609 1085 carminibus
624 1016 823 1097 admiramur,
844 1016 953 1079 sectari
973 1014 1109 1090 debebat,
1124 1034 1218 1073 eum·
1232 1012 1354 1072 acriter

108 1122 111 1137 '
198 1119 440 1205 reprehendisset
464 1119 567 1201 potius
595 1112 724 1201 'eiusque
752 1120 924 1201 exemplum
947 1118 1121 1201 respuisset.
1183 1110 1231 1175 At
1257 1113 1351 1173 aliter

119 1270 123 1279 ,
155 1287 162 1303 ,
197 1244 259 1285 rem
276 1242 338 1283 aere
360 1218 485 1300 hahere,
507 1232 623 1284 tantum
644 1242 707 1282 non
725 1221 827 1281 omnia
840 1222 958 1282 docent.
1001 1220 1141 1281 Primum
1158 1217 1251 1277 enim
1267 1236 1349 1297 pro-

186 1324 301 1386 'litatur
319 1322 451 1405 scriptor
470 1344 502 1386 se
525 1320 778 1407 philosophorum
803 1323 953 1403 dialogum
973 1321 1036 1383 illis
1061 1317 1191 1381 auferre
1213 1328 1249 1378 et
1272 1338 1347 1377 curn

197 1422 349 1487 comoedia
368 1425 492 1505 iungere
512 1429 592 1490 velle
607 1426 674 1506 ⁷⁵),
706 1436 743 1487 nt
763 1425 857 1507 ipsius
878 1436 945 1486 utar
963 1424 1080 1500 verbis,
1106 1408 1153 1488 =sd
1181 1424 1277 1503 θῆλυ
1300 1423 1348 1506 spi

163 1526 302 1610 „dddsra
321 1526 562 1612 ἔγκοτομίξοπα.
579 1528 655 1590 Dein
670 1548 758 1609 quern
775 1528 878 1588 locum
893 1528 932 1589 ad
948 1548 1031 1589 suam
1045 1524 1235 1607 opinionem
1255 1542 1345 1583 eorn-

196 1628 381 1712 probandam
403 1630 550 1709 nll'erunt,
571 1631 597 1691 is
619 1652 683 1692 earn
710 1619 774 1691 non
801 1631 996 1711 comprobat,
1018 1628 1072 1689 sed
1097 1626 1238 1689 refellit.
1284 1624 1344 1685 Est

195 1732 274 1794 eninr
292 1730 415 1793 Luciani
437 1730 531 1813 tiber,
561 1730 619 1807 Δὶς
638 1725 900 1816 κατηγορούμενος
920 1732 1099 1813 inscriptus,
1128 1748 1201 1809 quo
1227 1728 1257 1787 ia
1279 1724 1340 1788 sihi

196 1836 262 1916 ipse
280 1832 470 1895 Rhetoricam
486 1842 516 1893 et
537 1827 693 1914 Dialogum
709 1836 792 1895 litem
815 1834 975 1895 inferentes
1000 1830 1129 1894 inducit.
1157 1829 1338 1894 Rhetorica

194 1934 288 2015 igitur
305 1944 447 2017 tanquam
468 1934 600 2015 legitime
620 1958 717 2018 uxor,
739 1959 755 1996 a
777 1937 886 1998 marito
907 1936 1030 2013 relicta,
1052 1928 1224 2008 κακόσιτος
1245 1934 1336 1993 litem

195 2048 300 2099 contra
320 2058 388 2098 eum
411 2038 521 2116 movit5
546 2039 686 2119 Dialogus
708 2049 806 2099 antem
832 2034 951 2122 ὕβρεως
978 2031 1114 2098 ciussam
1143 2034 1174 2094 ei
1205 2033 1331 2108 intulit,

194 2141 400 2221 susceptisque
418 2130 669 2221 philosophorum
691 2141 844 2221 partibus,
866 2140 948 2221 quod
972 2140 1028 2199 sibi
1043 2136 1246 2199 comoediam
1270 2136 1333 2196 sd·
1370 2153 1376 2165 ·

194 2241 364 2317 miscuerit,
395 2244 549 2323 queritur,
578 2253 608 2303 et
634 2243 716 2323 quod
746 2242 877 2323 Eupolis
911 2251 941 2302 et
973 2240 1229 2322 Aristophanem,
1272 2238 1329 2318 qui

193 2352 312 2427 prroeter
334 2354 448 2405 ceteros
472 2344 510 2404 ad
538 2344 731 2425 exagitandos
758 2352 849 2425 etque
875 2342 1043 2405 irridendae
1070 2362 1118 2403 ree
1146 2342 1328 2423 praeclaras

119 2501 121 2507 .
194 2444 256 2527 apti
276 2456 374 2507 essent
394 2444 455 2525 ⁷⁶),
487 2448 523 2508 ad
544 2448 702 2525 Dialogues
726 2445 890 2511 admiserit.
938 2445 996 2506 Sed
1023 2446 1183 2526 utriusque
1206 2444 1326 2504 oratio-

193 2566 261 2607 nem
281 2546 392 2607 refellit
418 2548 567 2609 Lucienus
574 2571 583 2626 ;
612 2569 649 2609 ac
670 2550 823 2630 praeclare
850 2548 894 2607 its
926 2548 1001 2607 mihi
1033 2548 1157 2608 videtur
1183 2546 1330 2623 posuisse

172 2642 263 2709 'ante
280 2649 402 2725 oculos,
424 2650 497 2728 quid
521 2650 558 2712 ds
580 2670 611 2711 se
633 2648 699 2730 ipse
721 2652 853 2711 sentiret.
895 2650 969 2709 Nom
989 2668 1053 2708 non
1071 2648 1203 2708 obscure
1224 2647 1327 2724 signi-

192 2750 280 2829 ficat,
303 2750 505 2811 alterunrsesc
519 2752 766 2833 Aristophanem,
788 2752 915 2810 alterurn
930 2747 1062 2828 Eupolis
1082 2746 1237 2809 nominari
1264 2768 1326 2806 cu·-

191 2872 271 2934 pere.
313 2850 394 2911 Huic
420 2851 553 2933 opinioni
580 2875 661 2915 nreae
688 2852 789 2913 omnia
815 2852 934 2928 lavent,
964 2868 1040 2930 quaa
1066 2869 1105 2909 ex
1132 2848 1198 2909 eiua
1230 2848 1321 2911 libris

195 2954 279 3020 nohis
305 2954 425 3033 cognita
450 2966 521 3017 sunt
540 2954 597 3043 ⁷⁷).
637 2952 833 3035 Aristophani
854 2961 955 3013 autem
982 2951 1088 3013 similis
1110 2953 1239 3013 eandem
1260 2952 1322 3013 iu-

225 3260 266 3330 ²⁵)
275 3256 323 3383 ⁸Add
335 3276 422 3401 ἐξ,
439 3258 485 3331 qul
501 3258 619 3324 dixerst,
637 3256 807 3315 Prometheus
824 3274 853 3313 ea
870 3256 898 3312 la
912 3258 1002 3313 verbis
1018 3258 1090 3331 Opp.
1107 3258 1135 3328 1,
1149 3276 1177 3331 p.
1193 3258 1313 3348 idaeqq.

194 3403 196 3407 Ι
225 3424 262 3502 ’1)
285 3430 422 3499 „emme
444 3426 550 3499 dudone
566 3427 780 3500 ἐπικερτομῆσαι
801 3424 838 3486 aei
855 3427 942 3500 osprd
958 3429 1006 3486 rel
1021 3426 1153 3500 χλευάσαι
1167 3428 1203 3483 ed
1221 3430 1313 3491 ratde

276 3500 570 3627 pkppprpzidveptllhvss,
595 3519 621 3573 p.
638 3504 683 3561 95.
708 3504 832 3557 Celerum
856 3503 899 3557 hie
920 3502 1052 3556 hoelmus
1073 3499 1175 3555 crestal
1192 3502 1312 3572 Pylium

225 3674 266 3749 Π)
284 3675 417 3729 Sinrlllima
434 3672 461 3727 ln
479 3672 530 3728 elio
548 3674 614 3728 libro
632 3672 741 3745 quodam
760 3676 907 3731 Piscatores
936 3692 981 3727 seu
1004 3672 1201 3727 Reririsoentes
1218 3670 1311 3725 inreri-

277 3754 322 3815 pto
339 3746 387 3811 ill,
405 3763 431 3814 p.
451 3740 509 3800 144.
527 3742 592 3813 Bpp.
611 3744 791 3813 reperiuntur:
814 3748 861 3797 sed
879 3743 911 3797 ah
929 3744 1046 3813 Diogene
1065 3749 1215 3796 accusatore
1233 3742 1310 3804 diets,

275 3814 349 3868 cuins
365 3816 504 3869 orationem
522 3814 641 3867 refellere
657 3815 747 3867 studet
760 3814 917 3878 decianus,
942 3816 1032 3876 cedern
1048 3814 1150 3866 ratione
1167 3811 1193 3863 ln
1210 3812 1309 3865 leudem

192 3886 194 3891 '
276 3884 457 3955 Aristophanis
479 3890 540 3937 aunt
560 3884 729 3939 traducenda.
765 3885 906 3938 Praeterea
923 3884 1031 3947 ooaler,
1054 3899 1121 3951 quae
1137 3880 1260 3949 universe
1276 3881 1309 3934 de

277 3956 384 4023 antiquo
407 3952 539 4007 comoedia
561 3954 699 4019 dicuntur,
727 3954 869 4007 Anachara.
893 3952 950 4015 vtl,
975 3969 1002 4022 p.
1030 3954 1088 4007 180.
1111 3952 1153 4005 ed.
1177 3950 1246 4019 Bpp.
1270 3950 1309 4003 De
1345 4012 1348 4016 ¹

277 4024 413 4091 Agathone
456 4026 514 4076 osea
530 4024 632 4093 tragico
650 4039 706 4077 eum
723 4023 896 4092 Aristophsne
913 4020 1058 4078 consentire
1088 4022 1192 4074 videtur
1215 4020 1307 4073 Lucia·

277 4109 344 4157 nus,
371 4092 406 4145 cl.
433 4042 511 4147 ihre
538 4098 671 4165 praecept.
694 4111 718 4145 c.
737 4094 779 4147 11.
803 4110 858 4145 cum
882 4089 1156 4161 Thesmophoriezusia
1181 4096 1208 4144 et
1231 4088 1307 4142 Raoia

276 4162 362 4215 Aristo
384 4162 464 4215 lrsnis.
516 4162 621 4216 Possem
647 4168 776 4233 postremo
799 4163 833 4216 de
861 4161 1034 4233 Aristophane
1057 4160 1179 4214 iudiciuae
1203 4160 1304 4224 allerre,

276 4232 345 4300 quod
364 4181 641 4285 honorificentissimum
659 4250 717 4285 ease
733 4230 816 4303 primo
834 4231 959 4301 adspectu
976 4230 1097 4293 ridetur,
1121 4230 1183 4283 Ver.
1201 4230 1268 4283 Hire.
1284 4228 1303 4279 l.

276 4318 300 4354 o.
318 4302 361 4355 29.
379 4302 450 4368 (Vol.
469 4301 516 4366 lv,
535 4320 560 4371 p·
578 4302 654 4369 297.)
677 4300 756 4365 ..set
781 4298 835 4369 tyni
859 4296 1003 4369 ἐμνήσθην
1023 4294 1242 4370 Ἀριστοφάνους
1256 4299 1304 4353 roi

278 4372 398 4434 ποιητοῦ
420 4367 526 4441 oirdode
549 4374 645 4441 σοφοῦ
669 4372 718 4427 rol
733 4368 863 4443 citatorio
879 4370 928 4427 aot
943 4370 1036 4443 μάτην
1057 4364 1109 4440 ἐφ’
1127 4369 1303 4443 οἷοέγρσφιε
