2784 4959
213 398 279 475 nn
307 336 762 477 nnisrornnms
791 397 946 476 vm.
1038 427 1160 513 ,mn

54 588 146 651 mnne
166 610 235 651 rera
259 588 421 670 solidaque
448 588 538 649 laude
559 588 831 651 cnmttlatisaimnm
857 589 939 651 omni
962 590 1077 653 honore
1105 612 1159 653 sno

67 692 149 753 enuit
179 693 279 775 Neque
300 700 407 753 tamen
429 691 569 771 defuere,
600 692 653 773 qui
671 685 808 772 qnam'ria
826 694 981 753 Socratem
1001 694 1161 755 excellenti

75 804 101 853 et
118 797 248 873 praedare
274 796 397 874 ingenio
428 815 463 853 ao
485 794 598 855 virtute
621 814 691 855 vere
720 795 823 857 divina
841 804 981 855 ornatum
999 816 1074 856 ease
1097 796 1161 856 aci·

77 906 142 968 rent.
158 907 249 957 nmen
265 917 372 957 ornnes
385 896 424 955 ad
440 898 579 975 legendas
597 897 806 978 Aristophanis
820 899 988 960 comoedias
1001 898 1163 959 incitarent

75 994 231 1079 hananoque
249 1000 352 1079 generi
374 1020 422 1061 eaa
440 1000 514 1079 adeo
526 1000 796 1073 nihil'obtuturas,
819 1012 856 1065 nt
873 1002 1049 1085 profuturas
1064 1010 1162 1062 ment
1180 1010 1191 1027 “

71 1117 141 1177 qnam
154 1100 329 1182 pistrinnam²
356 1101 522 1166 crederent.
544 1130 546 1133 ·

578 1354 625 1433 V.

134 1518 287 1602 italiqnnm
310 1537 372 1608 ast,
398 1538 435 1591 nt
456 1550 530 1611 quos
557 1540 708 1613 praeterea
734 1529 826 1591 sciam
845 1527 1074 1610 Aristophanem
1100 1507 1163 1589 nno

74 1632 195 1683 meamea
207 1626 240 1685 in
261 1630 374 1706 magnis
395 1630 561 1693 honoribus
579 1632 718 1692 habuisse
731 1634 864 1711 tantique
888 1632 948 1693 viri
962 1632 1162 1712 cognitionem
1200 1678 1213 1723 .·

74 1716 187 1784 danitas
204 1734 391 1807 promovisse
417 1743 447 1793 et
470 1735 664 1819 propagasse,¹
691 1734 823 1794 breviter
843 1753 1021 1799 enumerem.
1063 1735 1163 1795 Nimia

72 1827 152 1884 htien
169 1832 328 1911 cupiditate
346 1836 424 1897 liber
442 1836 552 1897 mvebo
578 1858 617 1898 ne
642 1858 745 1899 eornm
772 1857 898 1898 numero
921 1857 989 1915 eoa,
1019 1838 1071 1917 qui
1095 1837 1164 1896 aliis

73 1926 162 1987 tissdiit
180 1932 338 1997 trahantur
359 1936 622 2020 delectanturque,
650 1950 761 2003 temon
780 1942 966 2003 admisceam.
1006 1940 1068 1999 Iam
1094 1938 1162 2021 pri·
1234 1991 1239 2001 .

74 2042 141 2089 mum
158 2035 228 2095 enin
245 2040 330 2099 nnlla
350 2042 412 2101 fere
431 2062 479 2102 res
501 2052 602 2131 potest
620 2044 654 2102 in
671 2046 811 2105 maiorem
832 2043 1078 2124 disceptationem
1098 2062 1163 2101 vo-

77 2130 137 2207 mi,
160 2156 239 2215 qnam
259 2143 336 2203 mira
356 2142 394 2203 da
412 2144 523 2205 Ioanne
544 2144 776 2226 Chrysostomo,
804 2144 1016 2227 Aristophanis
1041 2164 1161 2205 comoe-

79 2226 127 2291 dia
142 2234 299 2322 lectitante,
322 2246 465 2309 narratio.
485 2247 601 2308 Primus
622 2251 712 2323 enim,
730 2258 765 2307 ut
783 2248 882 2307 visam
906 2258 950 2307 est
972 2247 1045 2307 viria
1065 2246 1162 2305 Grae-

84 2350 160 2397 “Wffl
171 2342 332 2409 litterarum
347 2350 461 2429 peritis,
483 2350 576 2410 didus
588 2349 749 2422 Manutius,
772 2370 863 2427 quum
878 2347 1163 2428 Aristophanearum

87 2444 266 2509 Wffitfflerum
289 2450 449 2513 editionem
466 2460 615 2534 parasset,
643 2471 788 2533 auumque
810 2450 920 2511 librum
946 2450 1063 2509 Danieli
1092 2450 1164 2509 cl·-

87 2536 124 2595 ¹5⁰
141 2542 266 2615 Patrensi
286 2555 438 2634 mitteret,
459 2558 598 2617 loannem
612 2538 859 2635 Chryiostomum
876 2553 953 2613 tanti
971 2552 1077 2613 secisse
1090 2552 1165 2614 an-

84 2642 221 2723 ⁸¹⁰Pi¹⁸¹³em
239 2657 443 2737 praedicavit,
470 2670 510 2719 ut
528 2657 750 2735 duodetriginta
773 2656 940 2719 comoedias
960 2654 1025 2715 aius
1049 2675 1165 2737 sompes

81 2738 175 2811 hbent
198 2756 228 2817 in
254 2760 408 2838 manibus,
443 2762 516 2822 adeo
547 2772 582 2821 ut
609 2782 666 2843 pro
686 2760 816 2841 pulvitlo
841 2758 991 2819 dormiens
1009 2768 1162 2834 uteretur5

81 2854 102 2903 ti
125 2850 317 2923 iniecisset
342 2864 541 2945 eloquentiam
565 2874 595 2925 et
615 2861 801 2925 severitatem
824 2861 945 2941 repetiit
964 2858 1021 2939 ⁸7).
1064 2858 1163 2937 Quam

82 2951 170 3027 quidem
183 2966 401 3046 narrationem,
423 2968 563 3048 quoniam
580 2966 810 3046 Chryaostomua
824 2964 905 3025 inter
924 2972 1058 3025 oratores
1074 2962 1164 3023 etni-

81 3053 163 3120 ttianoa
186 3066 273 3127 facile
296 3071 437 3151 princeps
459 3072 570 3153 pioque
596 3078 626 3129 et
651 3068 747 3151 probo
772 3069 872 3128 animo
889 3066 1017 3127 maxim
1037 3064 1163 3143 insignia
1222 3122 1230 3136 ,

81 3166 112 3217 “i
125 3158 172 3241 ⁸⁸),
200 3188 263 3229 non
283 3174 348 3235 aine
373 3172 497 3234 ardente
526 3174 645 3234 fervore
669 3170 806 3229 certatim
834 3188 936 3230 omnes
955 3165 1163 3248 Aristophanis

81 3260 241 3333 sininnres
261 3275 448 3361 repetierunt
460 3273 513 3352 θ’).
555 3274 601 3337 Ae
622 3273 720 3357 primo
738 3270 858 3352 quidem
874 3270 1019 3353 adspectu
1038 3268 1163 3350 legantis

81 3440 255 3469 *Qua—-

103 3565 181 3633 ⁸'tct
200 3568 257 3623 eioa
324 3566 360 3621 ei.
376 3566 403 3619 in
420 3563 512 3621 Beckit
534 3560 731 3619 Connsntariia
753 3559 782 3614 in
802 3558 885 3615 Arist-
906 3553 1052 3613 mutin
1081 3555 1116 3611 V.
1139 3554 1165 3619 1.

156 3676 162 3690 .
180 3638 254 3693 Lxx
294 3634 379 3708 .1pao
396 3635 428 3688 ad
447 3636 557 3703 priorem
574 3632 702 3703 quendem
719 3628 759 3685 rei
774 3626 1059 3685 narrationanretntite
1075 3626 1165 3693 „hunc

140 3718 193 3760 itan
211 3708 233 3763 1.
251 3706 317 3761 cin.
333 3705 401 3758 tanti
417 3704 511 3758 ieoiasa
528 3702 654 3757 dicitur.“

105 3808 181 3877 ”ici
199 3811 281 3865 vitan
298 3806 475 3878 chrysostomi
492 3806 526 3861 ab
545 3808 575 3860 Α.
592 3804 717 3861 Neandrs
734 3803 873 3875 scriptu,
892 3799 951 3853 nn
966 3797 1075 3865 atain,
1092 3797 1166 3853 eotna

141 3881 264 3967 recipendi
282 3878 407 3931 rationem
424 3876 490 3945 piam
509 3875 686 3997 eruditanqlue
702 3890 797 3929 annno
813 3874 871 3926 iure
892 3868 998 3925 vocarit
1021 3868 1167 3940 ltnappina,

140 3950 231 4023 serapt.
247 3948 313 4002 Var.
333 3952 438 4016 Argon.
455 3962 481 4015 p.
497 3942 557 4000 414.
576 3944 618 4001 ed.
634 3944 670 3999 1.

110 4066 261 4135 ''thenitins
283 4068 379 4123 Portus
402 4066 478 4137 epiat.
496 4064 608 4119 dedicat.
629 4062 662 4117 ad
687 4062 722 4117 0.
748 4059 862 4115 Bisatan
888 4076 916 4133 p.
939 4057 1106 4123 cxxxvii,
1122 4058 1166 4111 ed.

141 4139 232 4203 hesic,
255 4136 301 4209 qni
324 4152 394 4199 rem,
417 4152 491 4207 quan
515 4152 532 4189 a
554 4134 629 4188 virta'
643 4132 695 4187 tide
718 4130 805 4201 dignis
821 4128 958 4183 memoriae
975 4130 1101 4199 proditam
1119 4126 1167 4191 ait,

142 4226 172 4273 aa
201 4206 257 4261 soto
288 4206 406 4259 Manutio
440 4204 546 4269 hausit,
578 4208 608 4256 ut
640 4200 735 4271 reliqui
768 4216 877 4262 onnes,
900 4198 1012 4252 Morbos.
1038 4195 1166 4263 Polyhiat.

142 4274 159 4331 i.
173 4278 231 4341 VH,
255 4294 281 4327 c.
307 4275 335 4337 2,
358 4278 375 4338 s
398 4272 422 4326 8.
439 4274 484 4341 (V.
508 4274 537 4337 1,
556 4289 581 4343 p.
600 4272 692 4342 1029.)
716 4270 821 4324 Fabrio.
839 4267 962 4323 Biblioth.
987 4268 1039 4318 Gr.
1055 4264 1114 4316 Vol.
1130 4262 1168 4327 11,

145 4363 167 4417 p.
181 4346 241 4401 888.
258 4344 330 4397 Vas.
352 4343 386 4395 da
407 4342 458 4399 tud.
476 4342 540 4399 dict.
566 4360 593 4415 p·
616 4342 659 4399 88.
681 4348 711 4399 at
731 4342 776 4397 88·
799 4338 840 4397 od.
864 4340 954 4405 Kepp·
970 4332 1095 4389 Mehnike
1111 4332 1169 4413 Ga·
1261 4393 1265 4404 Ι
