2784 4959
215 343 351 501 em
547 394 998 473 conunnnfflo

216 587 299 670 quo'tl
325 587 364 651 ed
384 585 592 669 trinoptueie
617 586 711 655 vitem
738 586 935 649 coercendum
961 560 1117 667 perquem
1147 588 1344 651 neceam

144 670 150 683 ’
216 694 325 769 fuieee,
355 684 475 772 negotio
496 691 618 752 demum
640 690 680 752 ed
701 691 814 754 exitum
837 690 1079 770 qualemcunque
1103 690 1262 770 perducto
1283 712 1344 753 vere

215 794 380 873 intelligere
408 792 507 872 coepi.
547 792 611 853 lem
638 792 719 855 enim
750 792 814 853 vidi
842 792 1029 873 cognovique
1059 793 1205 871 etttiquie
1234 795 1344 873 quidem

216 897 330 959 onitioie
349 895 608 975 grenmetioieque
627 895 722 956 luieee
743 896 926 971 eduemente,
955 894 1066 975 quibue
1091 896 1169 955 loeti
1197 894 1342 957 hominum

215 999 378 1077 ineigniune
401 1006 512 1059 eetetee
534 1006 566 1057 et
585 1008 725 1079 temporo
744 996 875 1072 delinire,
899 1016 1064 1077 eorumque
1088 997 1174 1057 vitae
1190 1007 1221 1059 et
1238 1000 1343 1059 dieoere

217 1097 379 1161 etdocore
400 1101 589 1181 eliquetenue
610 1101 780 1180 potuerintq
811 1100 898 1161 nobie
924 1109 1021 1161 eutem
1043 1110 1159 1161 noeteu
1183 1110 1281 1163 eetete
1299 1122 1340 1161 eo·

217 1222 286 1264 rum
306 1202 544 1281 etiumeonrqm
564 1205 629 1265 fere
649 1188 764 1263 nullutn
786 1222 849 1261 etue
871 1203 987 1283 copiem
1003 1204 1130 1263 lactem.
1170 1204 1259 1278 Quos
1273 1204 1340 1263 enin

217 1303 341 1381 legimue
363 1306 559 1386 mouibueque
579 1306 691 1367 noetrie
713 1316 847 1367 tenemus
868 1305 1030 1385 ecriptoree
1055 1305 1123 1365 fide
1147 1305 1337 1384 dignissimos,

99 1411 103 1421 “
217 1402 243 1465 ii
269 1426 371 1467 omoee
398 1406 436 1467 de
462 1406 675 1486 Aristophanis
702 1408 765 1469 vite
790 1424 915 1489 pronun
944 1416 1055 1471 lucent.
1103 1409 1225 1469 Eorum
1254 1418 1336 1467 eutem

144 1549 148 1557 ·
218 1509 533 1571 commentatiuncula
562 1513 750 1593 occepimus,
783 1512 834 1592 qni
861 1520 913 1571 eut
939 1510 997 1591 ipei
1025 1511 1180 1574 scientiae
1212 1520 1336 1593 expertes

216 1630 281 1673 non
299 1622 482 1691 potuerunt,
503 1623 559 1674 eut
577 1614 661 1675 eliud
683 1614 840 1676 consilium
862 1613 996 1693 eequuti,
1018 1633 1085 1673 non
1109 1614 1279 1675 voluerunt
1301 1612 1337 1670 vl-

217 1720 267 1774 tee
295 1714 495 1792 coguitionem
521 1716 610 1777 nobie
634 1717 802 1797 impertire.
845 1716 890 1777 Ao
911 1735 1052 1795 magnum
1081 1716 1159 1777 inde
1181 1726 1284 1775 natum
1301 1722 1336 1773 eet

216 1812 249 1875 iu
276 1834 325 1877 me
354 1816 535 1879 deciderium
565 1840 617 1881 eoe
644 1820 739 1881 libroe
768 1818 958 1899 possidendi,
993 1820 1045 1898 qui
1072 1838 1139 1879 non
1171 1818 1211 1879 eb
1233 1816 1335 1877 infimae

216 1916 322 1977 eetutie
341 1922 546 1997 gremmetioie
565 1930 595 1983 et
620 1921 804 1998 echoliuetie,
833 1922 888 1983 eod
910 1941 927 1980 e
949 1920 1021 1981 virio
1050 1920 1271 1983 reconditione
1289 1918 1333 1977 ‹lo-

216 2019 330 2081 ottinee
356 2020 447 2084 leude
474 2026 666 2087 effluentiboe
694 2024 841 2107 profecti,
880 2024 939 2083 ietu
969 2022 1087 2083 dudum
1118 2024 1154 2083 in
1183 2018 1332 2105 deperditis

216 2130 424 2190 numerentur.
473 2128 654 2208 Quanquam
682 2147 755 2189 vero
784 2127 887 2208 pluree
915 2125 946 2190 iu
972 2125 1044 2185 vitie
1080 2134 1243 2207 poetarum
1271 2120 1333 2183 ecn'·

216 2218 322 2283 beudie
349 2247 472 2306 operum
506 2231 743 2305 collocaverunt,
781 2249 910 2309 quorum
940 2228 1014 2289 elioe
1047 2231 1214 2291 occeeione
1249 2226 1331 2287 oblato

216 2331 465 2406 commemoravi,
492 2333 568 2395 elioe
590 2333 772 2397 omittendoe
795 2353 858 2395 esee
880 2332 975 2412 duco:
1005 2352 1116 2395 nevere
1138 2344 1239 2393 umen
1258 2326 1330 2387 debu-

217 2444 298 2505 mue,
322 2450 359 2491 ne
379 2432 479 2511 plura,
501 2455 591 2514 quem
613 2456 690 2516 queo
708 2456 778 2497 vere
799 2436 829 2497 in
852 2454 955 2495 eorum
978 2432 1067 2497 librie
1088 2436 1257 2517 perscripto
1277 2430 1330 2489 sut·

215 2538 303 2601 runt,
335 2531 539 2597 decideremue
568 2548 598 2599 et
623 2559 681 2617 pro
708 2538 823 2599 emieeie
851 2536 1023 2597 habeamus.
1055 2538 1238 2613 ‘Quantum
1267 2531 1330 2593 euim

216 2628 323 2707 video,
351 2644 475 2713 proeter
501 2650 694 2701 monumento
724 2640 870 2701 nonnulle
890 2637 1015 2699 Athenio
1046 2650 1188 2725 noronte,
1220 2632 1327 2697 maxine
1359 2640 1360 2675 l

217 2742 303 2791 erent
322 2734 418 2813 ipeiue
440 2740 556 2800 Comici
582 2742 702 2802 lebulee
730 2744 918 2821 aliorumque
947 2743 1122 2821 aequalium
1145 2742 1256 2822 scripte
1276 2734 1329 2816 plu·

109 2900 113 2907 ¹
214 2834 294 2893 rimo
321 2836 403 2897 vine
431 2842 630 2932 ecriptorlbue
658 2844 737 2908 ueni.
756 2916 759 2920 Ι
781 2844 877 2903 Lobor
905 2845 996 2922 igitur
1023 2846 1086 2906 illie
1117 2862 1238 2926 quoque
1258 2833 1327 2899 multi

217 2934 334 2996 eudon-ie
358 2950 438 3018 eret,
467 2943 633 3036 ecpiptoree
658 2946 791 3025 einguloe
820 2948 1003 3027 perscrutari
1033 2959 1064 3008 et
1088 2962 1281 3029 quaecunque
1299 2934 1327 2996 al

214 3036 308 3097 vitem
330 3041 519 3105 eonibeudem
539 3046 740 3127 pertinerent,
769 3048 925 3126 colligere,
946 3049 1149 3132 pluribueqne
1171 3048 1244 3109 looie
1263 3042 1325 3102 inter

216 3157 248 3198 ee
278 3142 445 3206 coniunctis
473 3156 504 3207 et
533 3151 730 3229 comparetis,
763 3150 836 3229 quid
863 3168 968 3212 verum
997 3134 1184 3235 eeee'poeeit
1205 3155 1325 3211 statuero.

216 3240 278 3301 lem
308 3262 382 3305 veno
406 3248 513 3327 nobie,
534 3253 599 3334 'qui
631 3273 733 3313 omnee
756 3254 893 3314 Comicoe
923 3254 1005 3313 illiue
1034 3256 1144 3317 eetetie
1175 3252 1325 3321 multosque

215 3344 292 3406 elioe
320 3349 485 3429 eeriptoree
512 3354 681 3433 emisimus,
712 3354 750 3415 ed
774 3356 982 3437 Aristophuoie
1003 3360 1097 3419 vitem
1121 3357 1224 3418 nullue
1242 3347 1323 3407 edituo

215 3456 316 3527 petet,
342 3450 401 3510 niel
423 3456 487 3514 eiue
509 3455 625 3516 subulae
647 3457 815 3537 legentibus
838 3468 868 3518 et
889 3458 1135 3539 intelligentibue·

281 3550 448 3625 ,Quonim
477 3576 551 3617 veno
576 3557 789 3640 Arietophanie
818 3560 938 3621 subuleo
967 3564 1022 3623 vix
1050 3559 1179 3639 intelligi
1206 3553 1320 3637 ponent,

214 3651 272 3709 niel
307 3662 442 3717 veterum
480 3664 660 3741 ecoiplornm
695 3664 942 3740 commutatico,
986 3665 1026 3723 ed
1061 3684 1110 3725 eee
1147 3646 1321 3739 explicando

214 3752 361 3833 ecriptoo,
398 3762 636 3839 poeeideoemuee
676 3782 737 3823 non
767 3764 882 3827 olienue
910 3767 967 3827 erit
993 3764 1044 3826 hic
1072 3768 1177 3839 locue,
1215 3774 1270 3835 quo
1295 3764 1320 3805 θ’

215 3874 290 3934 quae
328 3858 365 3918 de
395 3860 518 3921 echoliie
542 3865 672 3949 ‘Greeoie
711 3886 864 3945 ceneeem,
913 3869 1017 3949 poucie
1052 3868 1153 3927 verbie
1193 3865 1321 3939 exposstffl

215 3965 247 4017 ot
275 3961 434 4043 explicem.
494 3964 546 4026 Eet
574 3967 652 4029 enim
686 3969 719 4029 in
750 3968 913 4047 confessio,
949 3970 1070 4050 entique
1102 3964 1216 4029 scholio
1242 3968 1319 4057 prus

214 4054 303 4137 cipue
334 4062 367 4121 in
401 4060 461 4121 hoc
495 4069 642 4147 ecriptore
678 4072 755 4131 tenti
789 4092 854 4131 eene
883 4074 1042 4149 momenti,
1077 4082 1113 4131 ut
1142 4064 1214 4129 nihil
1240 4053 1320 4139 1³⁰⁸⁵¹t

215 4178 306 4239 enpre
337 4162 417 4223 eddi.
470 4163 537 4237 Que
571 4170 608 4230 de
642 4192 749 4233 ceueee
780 4192 842 4233 nou
873 4194 1011 4255 poenum,
1047 4174 1120 4255 quin
1146 4160 1317 4229 vehemeulef

214 4282 324 4343 queror
353 4263 391 4324 de
420 4262 633 4351 plerorumque
665 4274 814 4335 editorum
852 4276 1008 4355 socordia,
1044 4276 1097 4357 qui
1124 4290 1184 4333 non
1212 4265 1316 4325 tenlffli
1352 4338 1358 4349 ι
