2784 4959
230 445 304 522 DE
330 440 777 522 ARISTOPHANIS
803 427 957 524 VITA.
1001 471 1162 526 occursu

167 629 203 699 sd
222 631 425 718 ydp‘dlsusoe
446 627 512 698 olda
530 629 582 696 sul
602 633 764 718 τρυγῳδία.

165 733 225 821 ίγαί
246 733 375 814 olette
396 733 481 802 dssooi
502 732 575 816 uio,
597 735 699 800 δίκαια
720 733 764 802 di.

124 855 185 915 lam
207 855 234 916 si
255 855 386 935 singulas
406 853 531 916 Periclis
553 855 693 931 cotiones,
724 877 742 916 a
763 859 854 938 poeta
874 855 1064 932 diiudicatus,
1094 881 1166 922 con·

57 955 234 1038 templamur,
258 957 341 1040 quod
361 957 439 1018 lucri
460 955 633 1040 cupidinem
647 957 679 1016 in
697 957 849 1018 civitatem
872 961 897 1018 si
920 959 1017 1020 minua
1038 953 1175 1036 invexit(

58 1061 127 1119 auxit
145 1070 242 1122 tamen
265 1071 295 1122 et
320 1061 405 1121 utin
427 1070 580 1142 posterum
602 1061 699 1121 multo
721 1060 814 1142 magis
836 1063 939 1142 sugeri
963 1073 1072 1144 presset,
1095 1063 1164 1124 elle-

60 1163 102 1221 cit:
121 1161 182 1224 iura
204 1182 261 1225 suo
283 1185 320 1223 sc
343 1163 450 1222 merito
472 1159 687 1243 reprehensum
717 1183 781 1224 esse
811 1182 899 1223 nomo
927 1184 990 1222 non
1017 1164 1162 1246 intelligit.

60 1265 144 1346 licque
168 1265 324 1326 diversum
355 1263 392 1326 de
412 1262 461 1324 lois
483 1264 574 1324 rebus
601 1263 748 1324 iudicium
777 1263 901 1342 cogitari
922 1275 1035 1346 potest.
1084 1267 1166 1329 sudi

60 1365 235 1444 lioecklriuua,
267 1369 368 1428 virum
396 1367 554 1444 eximium,
584 1365 638 1449 qui
666 1387 760 1447 quum
789 1365 911 1427 civilem
938 1363 1164 1431 Atheniensium

61 1471 242 1530 oeconomiam
271 1469 482 1554 explicuisset,
511 1478 543 1530 et
562 1471 683 1550 'quanta
715 1489 753 1528 ex
781 1469 925 1550 pecuniae
952 1469 1030 1531 sume
1057 1471 1165 1554 prodi-

62 1568 109 1630 erit
131 1568 268 1651 pernicies
274 1617 286 1649 ,
319 1571 543 1655 perspexisset,
571 1570 675 1631 eudem
705 1571 820 1631 ratione
845 1569 1058 1653 iudicavitw).
1099 1570 1164 1634 lom

62 1689 125 1728 vero
143 1671 186 1752 qui
207 1675 339 1754 cogitet,
370 1669 601 1755 Aristophanem
621 1671 720 1734 medis
741 1673 772 1733 in
794 1673 926 1754 pernicie
944 1673 976 1732 in
996 1673 1061 1734 dies
1079 1687 1165 1738 sucta

65 1775 224 1836 constitisse:
244 1777 310 1837 irae
332 1777 396 1838 eius
419 1783 448 1836 et
470 1775 532 1836 odii
552 1773 770 1838 vehementiam
790 1777 899 1836 iustum
921 1775 1013 1834 luisse
1032 1795 1093 1837 non
1107 1797 1165 1839 ne·

64 1873 135 1951 galil,
173 1877 230 1938 Sed
252 1879 379 1958 reliquis
400 1879 531 1955 omissis,
554 1877 593 1938 ud
613 1875 900 1959 Peloponnesiacum
919 1877 1035 1939 bellum
1055 1900 1164 1960 prope-

65 1994 116 2038 rare
133 1977 278 2042 debemus.
322 1977 466 2042 Periclem
492 1977 567 2040 belli
590 1989 742 2040 auctorem
764 1978 874 2056 luisse,
902 1982 987 2040 testis
1008 1990 1054 2041 est
1075 1983 1164 2046 locu-

64 2075 216 2155 pletissimus
236 2081 443 2162 Thucydides.
487 2083 565 2160 Lege
585 2090 679 2142 totsm
701 2081 767 2142 sius
786 2079 1003 2159 remotionem,
1026 2083 1091 2160 lege
1106 2105 1166 2162 po-

65 2179 184 2243 &mum
203 2183 281 2246 hsce
302 2185 367 2246 eius
387 2171 531 2266 verbam)
552 2171 691 2264 „deydp
705 2177 984 2256 domusmoasoiv
997 2179 1077 2246 καθ’
1097 2185 1165 2249 ico-
1292 2226 1296 2235 ,

66 2275 106 2343 sio
120 2285 165 2348 soi
185 2282 271 2369 tyno
290 2282 351 2366 saio
368 2283 521 2348 πολιτείαν
547 2278 731 2363 ἠναντιοῦτο
756 2279 858 2346 πάντα
884 2288 949 2358 soie
976 2286 1164 2367 Amssdoesuo-

68 2383 139 2459 riou·
156 2387 204 2452 sul
223 2384 283 2454 ories
302 2389 348 2452 ete
363 2383 509 2462 derisere,
529 2379 598 2448 u’ll’
619 2383 651 2459 te
670 2379 724 2448 sis
740 2379 873 2467 πόλεμον
886 2379 975 2464 ὅρμα
986 2382 1164 2470 sosic’Atlp·

69 2487 177 2564 soloce.“
216 2491 337 2568 Quodsi
358 2491 425 2550 viro
448 2485 706 2568 praestantissimo
726 2487 799 2548 vivo
820 2490 970 2551 ciuitatem
982 2508 1087 2568 regere
1101 2491 1164 2552 bel·

69 2585 165 2669 lonque
191 2593 400 2656 administrare
428 2591 579 2665 licuisset,
615 2587 659 2651 cle
681 2587 765 2650 exito
794 2589 851 2650 vix
880 2591 1077 2654 dubitabitur.
1117 2595 1164 2656 too

71 2701 180 2775 monuo,
207 2717 255 2758 res
279 2695 504 2758 Atheniensium
526 2691 592 2753 sisti
614 2711 675 2752 non
696 2701 849 2770 potersnt3
876 2695 979 2756 multis
1005 2693 1092 2756 malis
1105 2697 1164 2771 im.
1226 2757 1230 2764 ,
1358 2712 1359 2721 ’

72 2793 148 2867 pedits
171 2798 274 2860 cisitu
307 2797 356 2858 vel
386 2797 497 2856 meiora
532 2795 589 2855 sibi
617 2793 773 2856 imminere
798 2795 922 2857 videbat
952 2799 1163 2877 incommods;

71 2889 157 2957 lolium
178 2897 295 2960 illatum
329 2899 398 2960 urbi
429 2899 586 2960 universes
619 2897 763 2957 maximas
799 2899 981 2962 calamitates
1012 2902 1164 2963 attulerat.

72 2991 132 3066 Quid
150 3001 280 3078 miraris,
304 3003 330 3061 si
350 2999 502 3062 hominem
524 2999 638 3082 petrice
656 2999 889 3061 amentissimum
911 3020 950 3063 ea
967 3003 1064 3063 omnis
1085 3005 1163 3064 mule

73 3093 101 3152 od
122 3097 251 3164 Periclem
280 3103 411 3180 referre,
441 3123 510 3165 eum
538 3099 822 3183 reprehensionibus
848 3111 972 3184 petere,
1001 3123 1070 3164 eum
1091 3104 1164 3165 odio

73 3205 179 3281 Μή
197 3203 305 3266 sudis‘i
331 3203 393 3266 set
412 3205 493 3286 quod
514 3207 677 3268 maximum
697 3215 758 3279 est,
781 3203 922 3266 Pariclom
943 3205 1028 3265 oroi·
1048 3205 1164 3286 puts-ise

75 3303 288 3378 magnitudinem,
316 3327 378 3368 nou
405 3327 495 3370 suum
522 3307 641 3370 lucrum
670 3315 821 3389 spectasse
841 3306 1048 3386 potissimum,
1077 3317 1162 3367 estrs

76 3397 256 3471 dubitationem
282 3418 326 3470 est
353 3408 493 3490 positum.
544 3411 578 3474 Si
606 3419 705 3470 eutem
734 3407 910 3486 magnitudo
935 3427 1006 3466 vero
1035 3407 1163 3485 cogitari

75 3507 165 3584 nquit,
190 3512 247 3573 uisi
279 3513 530 3576 mosibus-bonis
553 3511 695 3588 secretim
724 3512 794 3589 quis
823 3509 914 3570 mults
941 3507 1007 3568 eius
1025 3509 1164 3572 iustituts

75 3601 172 3670 cititolis
189 3633 284 3676 moses
306 3614 540 3696 corrumpebant
558 3613 669 3693 magis,
691 3633 782 3694 quam
800 3609 1011 3673 emendabunt:
1033 3631 1067 3670 es
1082 3609 1163 3672 illius

76 3719 127 3766 ltro
148 3709 229 3776 babet
256 3717 393 3800 quidem,
420 3725 608 3799 quapropter
636 3716 802 3776 celebretur
830 3735 918 3795 quam
940 3713 1082 3787 monime,
1110 3711 1163 3774 scd

75 3820 120 3867 non
138 3815 228 3878 mum
258 3839 346 3902 saepe
371 3819 437 3882 iuro
463 3837 581 3881 summo
607 3805 653 3883 est
679 3815 868 3899 reprehenso.
911 3813 1051 3892 Accedit,
1079 3813 1162 3896 qaod

76 3993 250 4025 Q

87 4119 427 4276 “llffitklmutsbsusu
445 4139 492 4196 der
510 4137 602 4196 suen.
626 4137 650 4204 l,
666 4153 693 4208 p.
715 4136 768 4194 232
784 4151 858 4208 seqq.
876 4132 967 4255 ‘noue
983 4151 1050 4205 quse
1066 4132 1162 4255 tutius

88 4287 118 4358 ⁸¹]
130 4294 238 4374 'lisoyd
255 4305 276 4372 l,
294 4233 351 4368 itt.
