2784 4959
298 408 376 490 DE
405 407 853 488 Ants'roensttts
878 409 1035 489 VITA.
1106 401 1233 497 'eoonv
1314 479 1320 488 .

100 623 200 685 regem
225 601 425 665 Atlsenienses
445 599 561 682 legatos
580 600 700 662 mittere
719 600 888 683 potuerim
914 597 955 660 de
975 619 1036 682 qna
1055 603 1170 686 ubique
1189 618 1236 691 eet

110 707 292 788 scriptorum
314 705 475 766 silentium.
517 703 576 764 Sed
606 725 701 784 quum
726 712 792 765 tota
818 701 923 761 sabeis
949 702 988 764 ed
1010 704 1121 766 bellum
1143 709 1237 772 Pelo-

110 809 324 890 ponnesiacum
346 817 478 888 spectet,
499 807 622 886 eiusque
642 805 723 868 mela
753 803 918 866 deeoribat:
945 806 1083 867 nascitur
1104 829 1139 872 ea
1161 808 1236 874 mihi

115 912 302 988 coniectura,
337 917 381 970 nt
412 907 603 989 Euthydemo
631 909 777 970 erchonte
803 905 983 987 Moryohnm
1018 911 1141 972 missum
1170 933 1236 978 esse

114 1025 223 1094 potem.
268 1013 328 1072 lam
352 1009 583 1092 Aristophanem
602 1012 665 1072 ioci
685 1031 808 1087 eauesa,
837 1020 874 1070 ut
893 1011 998 1092 plnres
1025 1032 1119 1074 annos
1139 1015 1171 1075 in
1192 1017 1237 1078 le·

113 1113 231 1193 gatione
250 1123 450 1176 commoratos
471 1133 523 1175 eos
543 1115 706 1196 vituperet,
727 1133 786 1195 pro
807 1111 998 1193 Euthydemo
1019 1114 1235 1196 Enthymenem

108 1219 245 1296 potuine
265 1215 445 1287 arbitrarer,
475 1217 533 1277 nisi
553 1216 630 1277 tales
651 1216 775 1277 lacetias
801 1214 841 1275 ab
861 1213 1098 1294 Aristophanem
1117 1237 1236 1283 comoe-

106 1317 173 1378 diae
198 1317 301 1378 indole
321 1319 433 1381 alienas
455 1337 520 1381 esee
541 1319 658 1379 scirem.
702 1315 808 1392 Quid‘l
833 1317 859 1378 si
880 1314 1062 1396 Euthydemi
1083 1321 1236 1385 erchontis

102 1439 215 1480 nomen
237 1429 504 1500 communiere,
527 1430 557 1482 et
578 1417 706 1480 seoundi
727 1419 798 1480 anni
819 1416 1007 1500 Olympiadis
1033 1423 1235 1501 octogesimas
1292 1435 1295 1447 ’

101 1521 254 1599 septimae
282 1537 358 1582 vere
388 1531 434 1582 est
461 1520 498 1582 ab
527 1519 731 1601 enetophma
757 1519 961 1602 Enthymenee
985 1533 1181 1604 'nuncupatus
1197 1522 1236 1608 ἦ.

99 1619 193 1682 Haeo
213 1631 308 1682 antem
333 1621 495 1685 iudicanda
517 1625 583 1685 aliis
603 1621 797 1704 peritionhna
816 1623 965 1702 relinquo.

193 1725 351 1805 Superest,
388 1735 424 1786 nt
452 1727 490 1788 de
516 1727 630 1787 melote
652 1723 691 1786 eh
717 1723 879 1807 Equitibns
907 1723 1014 1786 Cleoni
1041 1724 1125 1785 illsta
1146 1735 1178 1789 et
1197 1727 1236 1791 de

96 1829 263 1905 tempore,
293 1845 356 1906 qno
384 1849 422 1890 ee
448 1829 528 1890 laeta
556 1847 623 1890 esse
642 1827 754 1908 poerit,
781 1823 941 1910 dieputeml
984 1827 1089 1887 Statim
1119 1829 1237 1892 enims

97 1929 281 1990 comoediae
302 1929 390 1990 initio
412 1950 447 1992 se
465 1931 599 2012 gavisum
621 1949 688 1991 eree
707 1937 835 2011 propter
856 1930 990 2010 quinque
1009 1928 1138 2007 tslenta,
1160 1917 1237 2012 onas

99 2029 179 2090 Cleo
205 2032 389 2110 evomuerit,
410 2033 540 2111 latetur,
560 2033 654 2113 idque
677 2051 742 2094 esse
765 2031 804 2093 sb
824 2031 985 2111 Equitibns
1006 2029 1160 2107 effoetum,
1182 2034 1238 2096 ln·

100 2133 244 2194 enlenter
273 2135 460 2196 demonstret
475 2131 516 2220 Υ).
559 2135 635 2195 Tota
656 2133 800 2214 Equitum
828 2133 928 2192 fabule
953 2130 1064 2192 horum
1091 2134 1176 2211 gravi
1204 2137 1237 2197 in

101 2233 250 2297 Cleonem
278 2235 366 2308 odio,
402 2245 545 2316 tenqosm
573 2235 786 2311 lundomento,
822 2233 939 2293 nititur.
989 2233 1023 2292 Si
1050 2231 1233 2315 scholiastis,

102 2341 221 2416 ntpar
240 2348 301 2410 est,
331 2335 499 2418 credimus,
527 2335 607 2399 inter
635 2339 820 2400 Graecarum
846 2333 1042 2394 historiarum
1069 2336 1233 2417 scriptores

104 2433 321 2520 Theopompus
343 2441 531 2520 potissimum
552 2437 643 2499 huius
663 2439 744 2500 inter
766 2439 906 2499 Cleonem
930 2434 1114 2516 Equitesque
1133 2437 1236 2500 inimi-

108 2536 197 2600 citiae
213 2540 366 2619 meminit,
394 2542 520 2622 eiusque
541 2547 571 2602 et
598 2542 744 2622 originem
764 2553 797 2604 et
816 2539 878 2603 vim
899 2539 931 2598 in
953 2537 1071 2599 deeimo
1092 2537 1237 2623 Philippi·

111 2657 214 2701 corum
235 2641 315 2703 libro
336 2644 477 2722 exposuit
485 2641 526 2721 ⁸).
568 2641 635 2704 fleo
650 2643 744 2723 igitur
757 2651 894 2718 auctore,
914 2639 987 2700 Cleo
1007 2637 1112 2702 litibne
1132 2641 1237 2704 inten-

114 2739 216 2803 dendis
236 2755 325 2806 ustus
353 2744 528 2824 iactusque,
557 2755 663 2806 eontra
684 2745 810 2826 Equites
828 2742 983 2806 hostiliter
1001 2751 1235 2826 egentemque
1257 2779 1261 2789 ι

114 2845 296 2922 λειποταξίου
325 2845 568 2920 insimulaverat3
604 2847 716 2926 quibu·
748 2846 861 2908 oaussie
890 2841 1094 2906 moriundi·
1129 2845 1235 2926 duoes,

116 2963 237 3023 quornm
257 2965 384 3010 numero
406 2946 477 3008 Cleo
497 2947 668 3028 adscriptus
688 2956 766 3025 eret,
786 2957 873 3011 erent
892 2944 1068 3034 praepositi.
1110 2947 1236 3027 Equites

117 3056 209 3110 entem
228 3057 391 3130 propterea
422 3049 561 3114 Cleonem
590 3049 660 3112 odio
689 3049 842 3132 persecuti
873 3042 981 3129 ὀάρων
1007 3059 1233 3116 accusaverant.

120 3145 208 3221 unte
228 3152 349 3215 Cleonis
378 3150 491 3214 crimen
517 3151 625 3232 inerit,
655 3161 686 3214 et
708 3171 770 3233 qno
790 3149 884 3214 modo
909 3149 994 3214 litem
1021 3149 1234 3214 intentaverint

125 3319 314 3341 *tu-un..-

149 3431 331 3502 'ldoholiasta
348 3432 416 3488 haud
434 3433 583 3491 dubitanter
600 3435 633 3492 de
650 3435 814 3508 Euthynene
835 3433 947 3504 cogitat,
971 3431 1015 3504 qut
1033 3437 1094 3490 ente
1109 3433 1229 3493 undecim

176 3519 255 3556 amine
271 3503 368 3556 ustos
384 3503 443 3556 l'nit.
478 3505 531 3559 set
553 3505 582 3559 ld
603 3505 665 3560 mihi
682 3506 785 3576 quidem
801 3503 884 3557 minos
902 3511 988 3625 sptnue
1009 3503 1117 3557 oonsilio
1134 3508 1230 3574 poene

928 3579 1041 3643 oquitur.
1076 3573 1230 3645 Quanquam

175 3639 213 3704 si,
230 3646 260 3692 nt
276 3641 372 3708 credo,
397 3658 484 3694 rerem
501 3641 672 3712 legationem,
697 3661 748 3698 non
766 3643 852 3696 tiotsm
870 3643 1005 3711 proponit,
1023 3641 1050 3693 id
1067 3645 1149 3698 minus
1165 3660 1230 3713 pon·

172 3707 244 3762 derio
261 3709 349 3763 habet.
384 3711 506 3776 Aooedit,
531 3712 601 3783 qnod
622 3711 724 3782 legatos
746 3713 779 3766 ad
804 3712 941 3765 Persarum
964 3727 1040 3778 reges
1062 3710 1228 3781 ttuuytema

174 3779 298 3831 archonte
322 3777 412 3831 aneos
435 3797 510 3845 esse,
535 3799 607 3834 nemo
630 3781 748 3834 tradidit
782 3781 869 3835 Senot
887 3781 920 3833 ad
938 3779 1058 3848 Tisoeyd.
1076 3781 1119 3844 ll,
1145 3783 1228 3851 Ην,

174 3587 232 3626 esee
247 3571 369 3637 videtur,
392 3572 437 3642 qni
462 3571 496 3627 de
512 3575 580 3630 bello
597 3575 818 3648 Peloponnesium
838 3573 895 3630 eolo

194 3848 271 3902 ⁸ere
294 3847 338 3900 eo.
357 3846 474 3916 nepem)
495 3849 550 3916 „et
567 3847 619 3914 pre
635 3847 856 3917 reuredum..
873 3843 943 3916 πρᾶο
964 3843 1030 3910 vote
1049 3849 1173 3916 mosee·
1199 3851 1228 3906 ot

175 3863 206 3970 dd
222 3911 368 3985 Ἀθηναῖοι
382 3915 456 3986 ,πρὸς
472 3915 539 3982 ron'c
559 3921 700 3990 Oppi-rw
734 3921 806 3974 Huic
821 3919 879 3988 ipre
896 3918 1034 3971 convenire
1050 3919 1155 3974 ridetur
1169 3919 1229 3974 trt-

175 3987 330 4053 ereptare,
358 3983 404 4054 qui
422 4003 448 4038 r.
468 3986 520 4041 647
537 3987 795 4042 Lacedaemoniorum
811 3989 911 4056 legatos
928 3996 1115 4046 commemoret.
1140 3989 1229 4053 Qum

174 4054 291 4125 prolecto
310 4053 393 4106 setius
410 4053 460 4106 erit
477 4057 511 4108 ad
529 4057 658 4126 antiquans
675 4057 828 4110 sententiam
845 4055 941 4110 redire.

140 4139 310 4216 'ldehprnn
329 4139 347 4194 5
364 4157 438 4209 seqq.
469 4141 584 4196 Boeokh.
601 4141 781 4198 stertebant.
798 4141 824 4196 d.
842 4143 937 4197 Athen.
953 4139 977 4208 1,
993 4139 1062 4208 4133
1087 4140 1179 4198 Mel«.
1194 4141 1229 4196 ds

173 4208 229 4261 bon.
245 4209 364 4262 timont.
383 4225 409 4276 p.
429 4211 487 4264 116.
812 4215 816 4222 ’

145 4292 267 4360 'ldeltet
286 4289 322 4346 ad
337 4291 465 4346 Acheron
482 4295 510 4362 5,
526 4297 597 4363 ³003
614 4293 715 4370 Eqntt
732 4295 794 4352 225.

967 4359 1024 4424 3*
