2784 4959
192 330 301 513 'sarr
410 462 415 475 .
522 390 972 473 COMMENTATIO

143 590 153 647 ξ
213 582 307 675 quum
328 608 442 669 eamme
460 584 605 649 sermonis
621 582 716 647 Attici
738 582 832 663 gratis
846 576 1082 645 et'ioeondinte
1103 568 1278 641 ssonrimet
1292 578 1362 641 Ari.

214 690 392 773 stephanos:
415 688 469 770 qni
482 688 606 749 eandem
623 686 816 767 requirebant
833 686 868 745 in
879 686 1044 749 Menandro
1066 682 1277 762 elegantiam,
1299 680 1360 743 hac

213 816 267 878 spe
286 791 424 855 frustrmi
444 790 588 851 acerrime
611 794 730 871 poetam
754 789 982 869 vituperarunt,
1003 797 1035 849 et
1046 795 1177 867 propter
1202 785 1359 845 incorru-

213 908 298 982 ptam
312 891 460 957 ‘dictionis
483 890 683 971 integritatem
708 892 743 953 iu
761 892 885 972 reliquis
908 892 996 952 etiam
1021 888 1223 969 Aristophani
1254 887 1358 949 victo·

214 1002 291 1063 riam
314 996 505 1059 addixerunt.
548 994 686 1071 Quorum
707 1014 746 1055 ex
761 1014 888 1055 numero
904 1013 988 1055 nunc
1002 990 1216 1073 Phrynicbum
1240 1000 1275 1051 et
1291 991 1358 1049 Pol.

189 1102 316 1191 “lucem
336 1098 554 1177 nomino„qui
576 1118 593 1157 a
614 1095 769 1159 Plutarchi
789 1105 885 1157 aetate
902 1118 965 1157 non
984 1096 1073 1173 longe
1092 1095 1209 1153 remoti
1232 1113 1356 1155 summa

214 1202 292 1265 vim
307 1200 462 1261 admisisse
479 1200 726 1283 peregrinamque
738 1201 773 1261 in
792 1202 928 1262 Atticum
948 1199 1099 1261 theatrum
1110 1195 1244 1257 Mcendi
1257 1214 1355 1276 genus

217 1301 373 1365 induxisse
388 1322 473 1379 eum,
492 1300 696 1365 demonstrare
710 1303 834 1365 student
846 1302 901 1381 ⁸⁹).

303 1436 350 1499 Eu
376 1435 424 1498 his
449 1437 605 1513 omnibns,
637 1447 675 1499 ut
702 1432 792 1499 nimis
820 1460 925 1518 magna
950 1457 1054 1498 rerum
1083 1435 1172 1517 copie
1197 1433 1350 1508 evitetur,

219 1540 393 1603 brevissime
415 1548 533 1600 tantum
557 1540 742 1602 adumbratis
763 1540 887 1618 intelligi
909 1548 1025 1621 potest,
1046 1556 1132 1621 saepe
1159 1538 1206 1599 ita
1229 1546 1351 1617 gestum

221 1660 284 1701 esse
302 1640 361 1700 hoc
375 1650 534 1717 certamen,
555 1652 608 1719 ut,
632 1662 708 1723 quae
730 1642 852 1703 maximi
866 1652 910 1702 est
923 1640 1087 1718 momenti,
1108 1638 1235 1721 poetica
1248 1637 1351 1699 virtus

219 1743 417 1823 negligeretur
432 1764 538 1824 resque
552 1746 665 1805 alienae
684 1744 891 1827 potissimum,
912 1756 948 1805 ut
967 1754 1019 1805 ant
1035 1743 1109 1804 huic
1128 1751 1181 1801 eut
1205 1741 1259 1802 illi
1280 1738 1349 1820 pal·

220 1866 300 1907 mem
322 1846 520 1926 assignarent,
541 1848 673 1928 singulos
692 1856 926 1911 commoverent.
969 1850 1107 1907 Summos
1119 1844 1285 1923 utriusque
1297 1842 1347 1901 iu-

222 1944 294 2005 dicii
313 1944 490 2027 interpretes
511 1950 680 2012 nominari:
715 1970 779 2011 non
802 1950 888 2029 tetigi
913 1952 1099 2011 imitatorum
1126 1966 1271 2025 magnam
1297 1962 1347 2001 co·

220 2048 320 2129 pism3
343 2066 395 2127 ego
412 2050 487 2131 iam,
511 2072 585 2133 quae
606 2074 670 2113 mes
690 2053 730 2112 eit
743 2053 781 2113 de
796 2052 844 2118 bis
864 2054 951 2115 rebus
975 2050 1092 2133 opinio,
1113 2049 1219 2131 paucis
1243 2042 1345 2127 expli·

167 2158 168 2163 ’
222 2148 305 2210 eabe.
348 2150 480 2232 Atquea
503 2155 709 2229 Quinctiliano
725 2156 846 2235 quidem
866 2176 961 2237 prora
974 2154 1142 2235 aequalium
1158 2148 1277 2210 iudicia
1292 2146 1345 2205 in-

185 2338 189 2347 .
222 2260 345 2311 curante
365 2253 521 2317 dissentire
539 2237 648 2332 audeo,
673 2278 843 2339 quanquam
862 2258 945 2339 quod
970 2257 1023 2317 ille
1040 2254 1159 2337 potuit,
1180 2244 1344 2312 Menandri

140 2442 145 2447 Ι
223 2354 356 2415 carmina
375 2356 489 2436 integra
511 2359 608 2439 legere
631 2380 685 2439 ego
705 2382 768 2438 non
787 2382 917 2442 possum.
961 2360 1026 2420 Nisi
1048 2358 1126 2419 enim
1146 2352 1262 2433 egregie
1285 2346 1342 2407 ial-

221 2454 286 2535 lor,
314 2455 396 2516 lectu
419 2460 540 2537 quidem
564 2472 649 2521 erent
678 2462 885 2543 dignissimae,
910 2461 1017 2521 auditu
1039 2470 1136 2520 autem
1157 2456 1258 2517 minus
1284 2450 1341 2509 iu-

222 2554 336 2616 cundae
352 2558 415 2617 sius
429 2561 598 2621 comoediae
610 2552 668 2644 ⁶⁰).
712 2566 796 2625 Licet
806 2562 906 2645 generi
919 2562 1076 2622 hominum
1089 2562 1260 2620 fructuosae
1273 2570 1342 2611 rne-

220 2654 282 2715 rito
303 2665 464 2736 putentur:
494 2670 593 2724 tamen
625 2664 852 2725 Atheniensium
881 2662 1013 2744 populo,
1044 2660 1124 2722 ritae
1146 2657 1341 2718 severitatem

145 2774 152 2781 ’
220 2757 284 2816 risu
306 2758 441 2820 relaxare
461 2764 612 2844 cupienti,
642 2767 668 2825 si
696 2784 912 2845 nonnunquam
941 2768 1044 2843 poetae
1063 2761 1146 2821 rotis
1163 2758 1266 2818 minue
1284 2776 1341 2817 re-

219 2860 359 2939 spondit,
381 2880 485 2939 magns
503 2864 541 2923 lis
558 2886 621 2927 non
643 2877 688 2927 est
704 2867 869 2929 inscrenda.
890 2866 965 2924 llein
977 2862 1134 2925 Menandri
1151 2858 1251 2944 poesis
1267 2858 1339 2918 hla-

221 2958 367 3022 cedonum
390 2964 446 3025 sub
469 2964 595 3047 imperio
614 2977 698 3041 nats,
719 2968 756 3026 iis
778 2966 962 3047 temporibus
980 2966 1099 3040 floruit,
1119 2964 1229 3047 quibus
1251 2981 1337 3042 reges

219 3060 363 3124 bonmnm
388 3066 557 3129 litterarum
584 3070 809 3130 tractandarum
834 3060 972 3131 auctores
995 3079 1025 3130 et
1049 3067 1207 3130 bominum
1228 3066 1334 3126 docto-

218 3184 287 3225 rum
306 3176 420 3229 tutores
445 3171 620 3234 existebant.
665 3171 728 3233 lam
752 3171 828 3253 quid
848 3172 975 3252 mirum,
1003 3173 1046 3252 si,
1076 3172 1131 3253 qui
1153 3169 1212 3253 ipsi
1230 3186 1336 3249 regum
1384 3231 1385 3238 ,

216 3352 425 3367 m

111 3470 115 3477 '
144 3516 148 3523 ,
252 3460 292 3529 ⁸⁰)
308 3460 417 3531 Singula
443 3468 566 3520 accurate
589 3462 708 3537 expernit
731 3466 864 3522 Vavsssor
889 3468 924 3523 dc
945 3468 1002 3525 iud.
1021 3468 1151 3533 dictione,
1174 3484 1231 3539 cap.
1248 3472 1336 3529 ⁸¹3⁰»

302 3532 451 3616 quibuscum
469 3534 640 3589 conferendus
657 3544 699 3589 est
714 3535 833 3591 Sturaim
858 3539 891 3592 de
913 3540 1025 3594 dialecto
1042 3538 1216 3593 Alexandrina
1232 3541 1261 3590 et
1274 3539 1331 3592 Mn-

302 3600 435 3658 cedonsca.
451 3600 523 3655 Inter
540 3620 587 3670 ee,
611 3620 679 3674 quae
696 3621 729 3657 ex
745 3606 895 3677 Phrynicho
914 3610 1033 3662 enomrit
1050 3610 1182 3661 vavassor
1198 3603 1261 3659 mihi
1277 3623 1329 3660 ma-

300 3668 368 3751 rine
384 3671 627 3755 memorabilium
643 3673 783 3739 videntur,
807 3676 900 3743 quihus
925 3695 945 3729 ι
964 3697 991 3733 r.
1013 3672 1155 3747 σύσσημον
1182 3676 1329 3731 acerrimum

302 3738 371 3791 rhrus
388 3741 481 3794 aetatis
497 3740 625 3795 hominnm
642 3740 668 3795 in
687 3742 855 3799 Menandrum
878 3746 989 3800 studium
1011 3748 1121 3802 notavit.
1154 3744 1239 3815 lpssm
1262 3742 1329 3805 libri,
1359 3766 1365 3775 ·

304 3822 354 3889 quo
372 3808 525 3863 Plutarchus
542 3811 711 3866 Menandrum
727 3830 785 3866 oum
802 3814 975 3884 Aristophane
991 3817 1116 3877 contulit,
1141 3812 1327 3883 inscriptionem

303 3884 378 3937 nsit,
405 3878 438 3932 de
461 3895 512 3951 qna
535 3896 565 3933 re
590 3880 720 3935 stassor
744 3898 770 3951 p.
786 3886 845 3937 107.
867 3901 918 3936 non
935 3886 1001 3937 male
1017 3883 1168 3955 disputavit.
1191 3879 1328 3935 Prosunt

303 3944 374 3998 multi
389 3946 433 4000 elii
450 3948 608 4017 grammatici
618 3948 788 4003 Menandrum
806 3952 887 4005 citant
903 3961 1012 4023 propter
1027 3954 1143 4007 insolitas
1160 3952 1256 4004 formas
1270 3967 1326 4004 rcr-

303 4013 401 4068 borum.
420 4018 455 4070 ci.
472 4018 573 4072 llelhd.
591 4018 734 4073 Chrestom.
753 4036 778 4090 p.
796 4019 822 4076 4.
841 4023 882 4076 cd.
899 4022 996 4076 Meurs.

251 4112 291 4183 ⁶⁰)
309 4116 459 4171 Tenessdnm
476 4128 532 4187 est,
554 4120 604 4177 ism
619 4122 799 4187 Aristotelem,
821 4123 862 4177 rei
879 4125 998 4179 scenicae
1014 4090 1201 4193 peritissimum
1211 4082 1325 4188 tudinis,
1384 4109 1385 4118 ἵ

302 4190 361 4239 arte
378 4186 528 4271 histrionice
555 4190 588 4243 ab
610 4188 669 4261 ipsa
691 4192 764 4263 poesi
787 4192 929 4258 disiuncta,
953 4194 1081 4247 scenicum
1104 4213 1118 4247 a
1140 4200 1255 4263 paratum
1277 4210 1323 4246 non

216 4318 219 4323 Ι
301 4270 360 4336 esse
377 4271 547 4339 necessarium
566 4260 741 4327 perhibuisse,
765 4263 822 4314 Art
844 4267 913 4330 poet
933 4262 977 4314 vl.
994 4267 1020 4329 s.
1036 4264 1079 4319 27.
1104 4212 1175 4317 lhnc
1194 4263 1258 4333 quid
1280 4279 1323 4333 sp·

268 4374 273 4383 ,
300 4330 427 4391 petierint
441 4326 509 4379 rhina
525 4326 619 4389 acutis
635 4329 749 4385 homiues
766 4338 853 4400 potest
870 4331 988 4389 indicari.
