2784 4959
217 422 298 497 DE
325 422 984 509 ARISTOPHANISVITA.
1103 442 1221 561 'oxs''
1277 480 1281 493 ·

74 624 156 671 toss-
176 623 208 672 et
227 612 421 694 Epicuro,
447 620 633 701 pedutrions
659 621 840 701 scriptorum
864 642 1036 703 quenquam
1070 612 1177 687 adiisse

78 714 170 775 videtu
188 714 249 792 ¹⁸),
285 720 332 777 its
353 730 392 780 ut
413 722 448 782 id
473 744 565 783 onum
588 733 744 805 appareat,
774 724 900 783 fortssse
925 735 1045 805 praeter
1073 732 1176 805 poetes

82 833 133 872 esses
149 816 180 875 ie
203 817 426 903 philosophis,
460 846 537 903 qssos
563 827 646 907 ipsos
671 826 749 885 miro
778 844 880 885 errore
896 828 1045 889 omiserat
1070 828 1178 889 Ruhn-

83 916 160 978 itsns
174 917 203 959 ¹⁶
202 934 234 1004 t,
257 925 374 987 tulisse
388 927 546 989 iodicium.

136 1091 184 1151 ilis
198 1096 350 1158 omnibus
374 1098 509 1158 collectis
531 1106 632 1178 patet,
652 1096 883 1179 Aristophanem
912 1107 942 1157 et
971 1097 1176 1161 Aristarchum

74 1199 202 1269 tritarum
227 1197 367 1259 chorum
395 1200 590 1277 diiudicasse,
622 1201 794 1281 multosque
820 1220 924 1261 eorum
954 1200 987 1259 irs
1019 1220 1177 1265 numerum

73 1296 209 1375 redegisse,
231 1309 264 1359 et
286 1284 405 1362 multos
427 1322 464 1361 ex
486 1302 593 1361 ordine
614 1300 747 1377 eiecisse3
776 1302 813 1361 de
834 1302 1019 1383 pedestribus
1046 1304 1177 1383 scripto-

72 1394 136 1453 rshos
150 1410 199 1457 snt
217 1405 353 1465 omnino
367 1426 430 1463 nou
450 1404 613 1479 iudicasse,
638 1405 732 1477 antei
747 1404 925 1481 iudicarint,
948 1404 1030 1483 quod
1044 1404 1077 1461 irs
1094 1414 1176 1465 tanto

73 1500 168 1559 testium
191 1504 301 1584 inopia
333 1508 366 1566 in
391 1508 566 1567 universum
589 1506 758 1586 praefracte
776 1526 882 1585 negare
902 1504 969 1587 quis
989 1504 1089 1567 ausiti
1112 1526 1177 1567 non

77 1604 148 1689 mgni
161 1606 344 1670 iaciendum
362 1610 455 1670 fuisse
477 1628 581 1667 eorum
599 1608 762 1685 iudicium,
790 1617 895 1689 utpote
915 1608 1091 1687 quibuscum
1111 1630 1175 1671 non

77 1709 175 1784 mim,
194 1724 347 1788 qaantssn
369 1719 522 1793 parerat,
546 1720 759 1771 contraxerant
778 1708 1010 1770 familiaritatem
1030 1706 1086 1795 17).
1108 1712 1174 1773 Ne-
1223 1720 1229 1738 ¹

75 1825 117 1883 que
133 1819 226 1871 temen
250 1813 444 1895 negaverim,
475 1813 551 1872 alios
581 1821 700 1894 praeter
726 1811 952 1893 Aristophanem
982 1820 1011 1872 et
1037 1812 1174 1873 Aristar-

75 1907 142 1971 thum
159 1915 303 1977 criticam
326 1926 422 1977 artem
447 1917 615 1994 factitasse,
644 1925 673 1975 et
691 1916 878 1995 reliquorum
901 1933 1021 1993 quoque
1039 1917 1173 1995 scripto-

74 2028 125 2071 tom
143 2018 257 2097 oopissn
282 2038 389 2079 severo
409 2020 523 2079 indicio
540 2031 593 2079 sut
609 2018 746 2079 laudasse
767 2015 949 2095 lectionique
968 2024 997 2075 et
1013 2017 1173 2079 imitationi

77 2122 287 2198 emendasse,
294 2132 347 2183 sut
362 2120 590 2202 reprehendisse
597 2102 626 2181 et
639 2141 677 2181 ex
689 2120 845 2181 hominum
854 2116 992 2177 menibus
1001 2118 1171 2185 detorsisse.

79 2218 227 2301 sttttponte
247 2225 333 2285 enim
354 2224 488 2287 omnium
513 2224 607 2283 aninsi
632 2224 670 2283 ed
690 2222 831 2283 Oratores
858 2221 1019 2297 feruntur‚‘
1037 2231 1067 2281 et
1093 2224 1176 2303 unde

84 2317 160 2384 htoens
170 2328 334 2389 Oratorem
353 2325 428 2385 ordo
449 2335 479 2385 et
498 2346 641 2387 numerus
661 2334 750 2385 natus
773 2322 822 2399 sit,
845 2319 1034 2401 cogitabunt,
1057 2324 1094 2383 de
1114 2344 1174 2403 qus

87 2438 113 2478 ¹0
125 2436 152 2484 ut
164 2430 342 2511 explicatius
364 2448 460 2487 meam
478 2421 652 2509 opinionens
674 2444 839 2505 exponam,
869 2424 965 2481 multa
988 2443 1035 2485 nse
1061 2424 1173 2485 edmo-

88 2536 150 2582 rent
179 2532 251 2591 tiam
266 2551 356 2610 quam
381 2530 470 2589 dubis
491 2541 521 2589 et
539 2531 655 2589 incerta
672 2526 857 2588 Ruhnkenio
873 2524 913 2585 eit
931 2524 1005 2585 fides
1027 2524 1172 2607 habende,

87 2632 189 2709 exempto
206 2635 365 2693 luculento
386 2632 596 2711 intelligemus.
637 2632 666 2691 Is
692 2630 771 2689 enim
796 2648 887 2709 quarn
908 2626 1121 2691 Coislisrisnuns
1143 2640 1173 2691 et

85 2728 291 2797 Quincttisnum
310 2737 412 2796 statius
435 2736 471 2796 ab
495 2735 583 2795 initio
604 2754 675 2793 suos
696 2742 833 2793 suctores
860 2750 921 2789 esse
940 2732 1172 2811 pronuntiasset,

82 2822 124 2888 bc
140 2834 167 2892 io
182 2857 216 2897 re
234 2859 284 2899 eos
310 2860 372 2898 non
397 2838 566 2897 consentire
600 2837 824 2911 animadvertit,
853 2853 951 2913 neque
973 2843 1071 2893 temen
1092 2836 1172 2912 inde,

84 2949 138 2993 num
151 2950 255 3000 rectam
275 2940 356 3001 viam
375 2940 527 3018 ingressus
544 2938 584 2997 sit
603 2960 659 2999 nec
683 2959 738 3015 ne,
762 2936 932 2996 admonitus
958 2956 1020 2996 esse
1041 2938 1169 3001 videtur.

85 3034 275 3103 Grammaticus
302 3042 382 3101 enim
408 3062 472 3100 non
497 3042 614 3119 decem,
637 3062 713 3121 quos
735 3040 824 3099 simul
847 3036 971 3097 Athenis
998 3060 1089 3100 ursam
1116 3052 1170 3101 tu·

83 3137 136 3201 litte
151 3158 269 3207 setstesss
292 3144 516 3218 Quisscsilianas
539 3142 706 3203 adrnirstur
724 3142 781 3219 ¹⁸),
809 3140 861 3201 sesl
891 3160 999 3199 novem
1023 3142 1170 3217 nominet,

85 3246 168 3307 oosisso
185 3246 349 3318 Disserch03
371 3266 406 3303 sc
425 3246 500 3305 hene
520 3244 632 3303 sciebat
656 3243 872 3317 Ruhnkenius,
898 3260 961 3300 non
982 3244 1130 3303 immerito
1153 3266 1170 3303 a

84 3346 237 3427 reliquorum
265 3369 393 3409 numero
422 3368 489 3405 cuns
522 3346 644 3405 excludi
670 3346 803 3425 potuisse
830 3342 886 3422 1⁹).
937 3346 1061 3407 Accedit
1088 3348 1169 3426 quod

84 3462 149 3508 neno
163 3473 284 3533 nsquam
297 3468 393 3530 sicque
408 3448 667 3528 grammaticorum
687 3466 783 3525 neque
795 3444 966 3522 rhetorum,
988 3448 1088 3508 decem
1102 3450 1170 3509 ittos

84 3620 259 3641 *5—

110 3736 137 3806 ¹⁵)
150 3740 184 3793 rt.
200 3741 236 3795 ib.
253 3757 279 3810 p.
298 3736 414 3801 CCXX,
430 3736 568 3807 Wyttsoh.
592 3733 646 3790 Vst.
663 3733 767 3789 Ruhsk.
793 3751 821 3805 p·
838 3734 900 3789 287.
923 3730 1015 3787 Isoobs
1032 3732 1059 3787 io
1077 3734 1171 3790 Erschi

147 3811 278 3881 Kncpciop.
295 3808 337 3872 V,
359 3810 418 3863 260·

112 3906 284 3981 ”tvtysssrh
309 3908 364 3963 Vit.
387 3907 491 3961 Ruhnk.
523 3924 548 3977 p.
565 3908 626 3965 288.
655 3906 812 3975 Βοτςωυ.
840 3904 876 3961 sd
900 3904 970 3961 rtist.
1002 3904 1069 3961 crit.
1093 3906 1170 3961 Oret.

147 3998 170 4049 lt·
184 3984 249 4049 ⁸69,
266 3980 310 4037 ed.
328 3978 458 4033 tr‘risosn

113 4072 254 4147 ''tvitrorii
271 4082 461 4145 narrationem,
487 4096 538 4163 qne
562 4094 649 4131 ossees
677 4078 759 4163 libros
785 4094 817 4131 ex
833 4078 925 4133 ordine
942 4076 1058 4147 qnotidie
1077 4092 1170 4131 sununs

147 4151 274 4220 diligentis
289 4148 435 4223 perlegisse
452 4149 557 4213 dicare
573 4147 684 4201 Wolfios
700 4156 768 4213 risse,
784 4148 907 4217 Prolegg.
925 4164 952 4218 p,
971 4146 1091 4199 ccxvl.

110 4250 550 4319 ”thenoncxnmo

111 4350 814 4427 ”tmcmnesonsep.srs‚screee
