2784 4959
242 368 370 513 μένωἶ
575 422 1020 501 connnnramo

242 620 345 697 navit,
372 618 457 681 auius
475 616 537 678 riri
554 614 649 677 libros
667 610 840 695 deperditos
864 612 1081 675 ardentissimo
1107 610 1270 673 desiderio
1291 628 1368 690 expe·

242 722 342 783 timus.
381 718 450 779 Non
470 718 541 777 satis
563 726 680 777 certum
700 726 745 775 est
769 726 800 776 et
819 700 1026 798 exploratum,
1058 723 1175 774 utrum
1195 714 1236 773 de
1264 712 1368 771 Aristo

240 821 342 903 pheno
358 816 557 879 Philochorus
580 836 748 877 sermonem
768 818 952 895 instituerit,
980 838 1019 876 aa
1048 818 1091 877 de
1116 817 1188 877 solo
1217 813 1368 897 proverbia

241 923 362 983 locutus
373 918 411 979 eb
424 918 584 979 scholiasta
597 917 804 999 perhibentur3
828 940 996 1001 quenquam
1009 940 1103 981 naeus
1119 918 1251 997 quidem
1266 918 1368 975 animus

237 1024 278 1085 -in
299 1020 496 1103 posteriorem
523 1020 703 1081 sententiam
723 1022 858 1087 inclinat.
908 1022 984 1081 Dein
1009 1022 1067 1081 nbi
1100 1022 1143 1079 de
1166 1016 1368 1099 Aristophanis

242 1123 316 1189 tiliis
334 1122 487 1203 loquitor,
507 1131 650 1203 tanquam
667 1122 788 1185 disemo
800 1128 917 1185 secutos
934 1124 1170 1204 Apollodorum
1185 1132 1219 1181 et
1240 1120 1368 1179 Dicaear-

243 1224 335 1287 cham
356 1224 527 1305 oppetierit.
570 1225 707 1299 Quorum
731 1226 925 1307 posteriorem
945 1226 1086 1286 Siculum
1114 1246 1202 1302 esse,
1234 1223 1367 1283 Aristote-

241 1327 282 1407 lis
301 1326 499 1408 discipulum,
534 1327 712 1407 scriptorem
743 1328 881 1389 Ciceroni
908 1326 1112 1407 omnibusque
1140 1328 1199 1407 qui
1224 1328 1289 1385 eius
1312 1325 1367 1383 sra-

242 1438 361 1511 gmenta
374 1430 537 1509 attigerunt
556 1428 814 1511 probatissimam,
837 1452 924 1493 nemo
941 1452 1003 1489 non
1019 1430 1235 1491 confitebitur.
1259 1426 1364 1486 Dolan-

242 1528 315 1611 dum
335 1538 380 1589 est
401 1540 517 1609 autem,
549 1532 631 1611 quod
653 1531 783 1613 librum,
813 1556 872 1616 quo
900 1534 937 1593 de
966 1532 1039 1593 filiis
1070 1530 1294 1615 Aristophanis
1313 1528 1365 1587 do-

243 1630 338 1691 cuerit
360 1631 574 1711 Dicaearchus,
599 1634 734 1695 indicare
757 1638 865 1697 noluit.
909 1636 967 1696 Sed
992 1636 1053 1697 uisi
1089 1637 1286 1715 singulorum
1312 1630 1362 1689 eius

241 1733 389 1795 librorum
409 1734 490 1794 tituli
508 1734 608 1796 adhuc
628 1736 662 1795 in
684 1739 804 1798 occulto
824 1740 933 1799 latent:
961 1739 1143 1820 optinuimus
1167 1738 1308 1811 videtur,
1337 1732 1362 1787 in

242 1855 303 1917 quo
321 1832 533 1917 Aristophanis
554 1839 648 1899 vitam
669 1849 805 1899 narraret
823 1848 854 1899 et
874 1860 950 1919 quas
971 1842 1009 1901 de
1032 1840 1112 1903 tiliis
1136 1841 1292 1919 alteraque
1314 1836 1359 1893 aa·

241 1956 350 1997 narum
367 1937 497 2000 editione
516 1937 559 2023 ω)
581 1942 797 2017 innotuerunt,
829 1926 992 2023 exponeret
1014 1940 1077 2027 ⁶⁹),
1103 1944 1185 2005 liber
1206 1940 1276 2023 saepi
1295 1938 1359 2018 psas

123 2054 128 2062 ⁴
242 2039 443 2119 compositus,
472 2063 560 2122 quana
583 2044 787 2105 coniecturam
814 2064 866 2123 ego
894 2043 1000 2104 lubens
1029 2046 1216 2127 amplector.
1265 2041 1357 2102 Paullo

241 2140 385 2201 incertius
402 2150 447 2201 est
459 2143 497 2203 de
511 2146 605 2205 altero
625 2144 970 2227 scriptoreApollodoro
983 2146 1146 2211 iudicium.
1191 2148 1253 2209 Vix
1270 2156 1357 2205 temen

242 2262 307 2303 esse
328 2243 452 2304 dubium
479 2258 596 2329 potest,
623 2248 699 2331 quin
726 2246 885 2307 scholiasta
907 2248 943 2307 de
965 2250 1158 2329 Apollodoro
1184 2242 1358 2317 Atheniensi,

242 2345 408 2406 Aristarchi
440 2350 626 2426 grammatici
657 2359 688 2410 et
723 2350 855 2409 Panaetii
884 2349 997 2411 Rhodii
1027 2352 1187 2433 discipulo
1221 2325 1358 2437 loquatur.

242 2444 303 2521 Qui
321 2448 398 2526 uisi,
425 2459 459 2508 ut
479 2452 516 2511 de
539 2455 609 2513 vitis
629 2450 895 2535 philosophorum,
932 2453 969 2513 da
992 2454 1161 2535 Sophrona
1183 2457 1305 2535 aliisque
1324 2450 1355 2509 si·

241 2547 380 2624 milibus,
412 2550 454 2609 ita
482 2555 519 2611 de
548 2556 645 2635 potitis
677 2555 769 2613 libros
805 2554 915 2632 edidit,
950 2556 988 2615 de
1008 2558 1218 2641 Aristophane
1247 2559 1356 2634 eiusque

242 2649 314 2709 filiis
335 2650 368 2709 in
390 2650 601 2717 chronicorum
628 2656 713 2715 libris
744 2656 899 2734 scripsisse
927 2660 1084 2739 putandus
1113 2670 1169 2725 est.
1214 2662 1354 2721 Postremo

242 2750 426 2831 Theogenous
452 2756 521 2837 saepi
541 2759 671 2837 Αἰγίνης
697 2758 817 2835 laudat,
848 2761 885 2819 de
907 2780 967 2839 qua
992 2762 1092 2823 insula
1118 2772 1271 2845 praeterea
1286 2758 1353 2819 scri-

182 2858 186 2865 ’
242 2852 335 2934 psisse
353 2854 462 2925 scimus
484 2856 696 2937 Pythaenetum
716 2858 771 2937 ⁷⁰),
793 2862 879 2923 cuius
904 2870 1005 2921 tamen
1028 2864 1111 2926 liber
1135 2866 1180 2925 ita
1199 2860 1350 2934 intercidit,

242 2962 278 3014 ut
290 2955 437 3033 numquid
451 2958 488 3015 de
505 2958 704 3041 Aristophane
716 2962 879 3043 iudicarit,
901 2964 1050 3027 incertum
1065 2979 1197 3035 maneat.

325 3144 457 3205 Transeo
474 3144 513 3205 sd
530 3146 668 3227 suidam,
691 3150 743 3229 qui
764 3170 860 3231 pauca
883 3162 1000 3213 tantum
1021 3154 1058 3213 de
1080 3155 1282 3239 Aristophane
1305 3170 1348 3208 et-

243 3264 301 3326 que
324 3234 522 3307 incertissima
540 3250 671 3311 tradidit.
714 3252 817 3335 Neque
837 3254 914 3314 enim
937 3256 973 3315 de
999 3258 1096 3336 patris
1119 3278 1243 3338 genere,
1273 3270 1348 3334 quem

243 3348 316 3408 adeo
338 3370 460 3411 servum
479 3352 640 3413 nonnullos
659 3353 770 3415 dixisse
789 3356 943 3437 perhibet,
974 3360 1139 3439 quidquam
1167 3360 1241 3421 certi
1259 3352 1346 3417 tradi-

243 3449 304 3509 dit:
333 3470 431 3531 neque
450 3454 596 3534 comperit
618 3476 796 3537 equaquam
821 3460 952 3519 natalem
975 3462 1186 3545 Aristophanis
1207 3460 1307 3523 urbem
1324 3460 1347 3509 el

243 3558 364 3613 terram.
405 3552 443 3611 ln
464 3554 542 3613 ritae
563 3564 698 3637 tempore
716 3560 877 3621 indicando
901 3583 1031 3625 errorem
1053 3564 1095 3639 ⁷¹)
1121 3587 1186 3627 non
1204 3567 1266 3647 ipse
1286 3552 1344 3619 libri

279 3834 653 3907 mesura-‚nattam

277 3934 454 4021 ⁸⁹)1ons3de
470 3938 561 4011 script
583 3943 643 3996 hist
661 3944 726 4013 phil.
748 3946 781 4011 J,
806 3950 856 4014 16,
887 3949 913 4007 4.
938 3970 1011 4022 quem
1036 3952 1182 4023 Menapios,
1206 3959 1235 4005 nt
1251 3947 1341 4025 molet,

330 4008 467 4078 aasenpstt
481 4010 517 4064 ed
533 4012 621 4066 taem
634 4012 684 4077 lli,
706 4018 729 4069 1.
747 4018 851 4071 Febric-
874 4020 941 4076 Bihl.
958 4024 1007 4075 Gr.
1024 4024 1051 4075 in
1069 4024 1178 4093 catalog.
1196 4022 1341 4091 Peripateti·

329 4092 416 4129 caran
431 4076 487 4143 111,
504 4096 531 4149 p
550 4082 611 4137 296.
628 4094 661 4142 (a
679 4088 770 4153 1707.)
1193 4090 1199 4103 ·

279 4177 320 4247 ἀ)
337 4178 381 4231 cf·
396 4179 490 4233 Athen.
506 4180 579 4247 xilla
595 4184 655 4239 589·
673 4184 694 4237 l'·
712 4188 826 4257 Apellen.
843 4192 941 4263 Argon.
959 4194 994 4249 ad
1010 4193 1057 4259 lv,
1076 4196 1153 4251 1712

279 4278 320 4347 η)
332 4275 599 4410 pgttgiitllfflt
613 4285 703 4357 elysios
719 4291 790 4349 sud
807 4292 860 4365 sris
876 4294 930 4366 psd'
949 4295 1123 4368 Ὀλυμπιάδα
1134 4304 1153 4331 “
1176 4314 1209 4353 ex
1232 4292 1271 4347 ed·
1286 4288 1342 4342 ΡΝ·
