2784 4959
151 377 156 391 ·
226 471 278 525 cn
460 510 465 519 ,
569 436 1017 519 COMMENTATIO

228 640 305 701 timu
330 635 402 696 loco
430 625 642 715 nuncupatum
672 642 793 713 poterat
825 628 912 692 facile
942 628 1096 689 obscurari
1129 632 1167 685 et
1199 622 1368 704 corrumpit

230 740 271 799 Aa
286 735 561 818 quomodocunque
582 734 620 794 de
638 736 688 794 via
709 734 747 795 ad
765 734 875 795 vitium
897 730 1114 793 removendum
1133 730 1285 789 ineunda
1301 748 1368 788 sen·

229 840 289 918 tis,
310 841 406 899 inesse
424 838 526 898 verbis
541 838 650 899 vitium
669 856 776 917 negare
798 856 860 898 non
884 835 1017 917 poteris.
1038 832 1130 913 idque
1152 853 1225 893 non
1246 830 1286 890 ab
1306 832 1365 912 ipso

232 940 395 1021 scriptura,
427 938 481 999 ssd
506 940 543 999 ab
570 940 702 1000 librariis
728 948 828 1001 ortum
849 934 907 1026 fl).
957 936 1075 998 Accedo
1099 936 1137 997 ad
1165 936 1302 995 tertium
1326 934 1369 1003 rai

230 1041 447 1104 testimouium.
489 1040 526 1101 In
549 1040 760 1123 Aristophanis
787 1040 867 1102 enim
887 1050 918 1101 et
937 1040 1095 1103 Menandri
1122 1038 1205 1098 vitis
1234 1036 1365 1097 archon·

231 1153 294 1205 tcsn
312 1144 467 1220 nominat,
497 1164 559 1226 quo
580 1144 747 1226 imperanto
764 1154 891 1226 uterquc
916 1142 1043 1224 primam
1063 1142 1203 1204 fabulam
1231 1140 1365 1201 docuerit

232 1266 343 1327 eosquc
359 1244 552 1307 Philotimum
571 1248 748 1308 etllioclcm
772 1256 871 1311 vocat
914 1244 977 1307 lam
1002 1246 1027 1305 ai
1051 1246 1194 1325 reliquos
1215 1242 1362 1325 quibam

230 1369 295 1410 rem
313 1348 478 1427 tetigerunt
498 1350 631 1411 consulis
650 1350 812 1433 scriptores
833 1346 896 1435 ⁸⁰),
918 1346 1174 1431 apudplerosqua
1200 1346 1363 1405 Diotimum

135 1505 140 1515 ,
231 1458 264 1511 ut
283 1448 451 1511 Philoclem
472 1465 576 1511 eorum
596 1452 666 1512 loco
691 1454 835 1534 reperies,
865 1472 924 1532 qua
952 1470 990 1511 ex
1017 1468 1050 1536 re
1074 1450 1249 1531 unicuique
1272 1448 1361 1528 auspi·

234 1551 282 1611 cio
302 1552 434 1631 cristan,
462 1551 535 1612 buic
554 1564 657 1614 nostro
681 1554 822 1637 scriptori
844 1554 1046 1639 connptelam
1073 1556 1191 1613 inesse:
1217 1550 1361 1631 imprimis

132 1677 137 1685 ·
233 1654 376 1735 quoniam
404 1654 487 1735 qnod
513 1654 551 1714 de
573 1655 777 1739 Aristophane
805 1656 933 1731 dicitur,
969 1678 986 1715 a
1011 1654 1097 1716 nullo
1126 1657 1191 1715 alio
1217 1655 1359 1735 repetitur

233 1756 398 1838 scriptore,
419 1766 449 1817 et
470 1758 551 1838 quod
572 1760 609 1819 de
626 1760 808 1837 Menandro,
830 1756 1153 1820 Pseudo-Plutarchus
1178 1758 1275 1819 modo
1292 1776 1360 1815 con·

194 1922 198 1929 ,
233 1858 335 1919 firmat
350 1858 432 1919 baud
452 1880 556 1939 magna
577 1863 758 1923 auctoritato
778 1884 842 1928 sua.

317 1960 375 2022 llis
392 1964 563 2042 praemissis
579 1966 693 2026 leviora
714 1966 882 2048 scripturas
902 1965 976 2027 vitia
995 1964 1159 2046 praeterire
1184 1964 1271 2026 volu.
1306 1960 1359 2022 lam

106 2086 110 2092 ·
216 2064 315 2151 ‘enim
338 2064 372 2123 id
397 2067 487 2126 credo
510 2078 661 2129 ostensum
685 2088 763 2147 esse,
790 2092 849 2163 non
870 2071 976 2131 debere
999 2088 1169 2149 quenquam
1196 2068 1357 2150 scripturae

233 2176 355 2228 nostrae
371 2168 459 2229 nimis
479 2170 643 2231 confideres
662 2170 810 2253 imprimis
830 2174 862 2232 in
884 2172 1016 2231 numeris
1034 2172 1226 2247 indicandis,
1249 2173 1280 2231 in
1297 2168 1358 2248 qui-

233 2268 288 2329 hus
310 2270 390 2350 apud
410 2271 484 2331 alios
504 2294 622 2355 quoque
641 2274 803 2355 scriptores
826 2276 931 2335 crebro
952 2284 1111 2354 peccatum
1131 2296 1201 2336 essa
1221 2274 1357 2335 uidimus.

234 2370 268 2431 ln
291 2372 405 2432 Cratini
424 2373 504 2452 ritu,
534 2386 571 2437 ut
589 2378 761 2458 exemplum
784 2378 939 2447 adiiciam,
971 2376 1126 2436 Cratinum
1153 2388 1233 2461 post
1260 2378 1360 2455 Olym-

234 2473 353 2555 piadem
371 2478 581 2555 octogesimam
601 2480 734 2561 quintam
756 2480 862 2541 vicisse
884 2478 1016 2561 scriptor
1036 2480 1175 2544 affirmat.
1227 2478 1317 2557 Quod
1338 2474 1359 2535 si

237 2576 444 2656 coniungimus
468 2598 535 2638 cum
557 2580 615 2640 alia
639 2582 770 2641 eiusdem
797 2583 959 2659 sententis,
988 2592 1143 2643 mortuum
1170 2606 1240 2645 essa
1267 2580 1359 2642 crati-

236 2696 311 2737 num
334 2689 404 2759 post
423 2682 551 2761 primam
572 2684 872 2744 lacedaemoniorum
896 2686 1082 2746 invasionem
1102 2684 1146 2768 ⁸¹)
1157 2733 1165 2765 ,
1192 2686 1358 2769 quaefacta

238 2789 283 2840 est
303 2780 447 2841 archonte
470 2783 661 2865 Pythodoro,
686 2787 734 2846 Ol.
758 2786 960 2863 8⁷,1shaec
986 2790 1045 2849 duo
1072 2790 1108 2848 ab
1130 2812 1195 2851 uno
1218 2790 1357 2869 scriptore

236 2883 325 2942 nullo
339 2884 429 2943 modo
447 2883 507 2944 dici
528 2888 674 2967 potuisse,
699 2888 839 2948 omnibus
855 2892 1017 2973 apparebit.
1062 2892 1158 2967 Quam
1175 2894 1216 2954 ob
1229 2912 1291 2953 rem
1308 2908 1357 2947 rt·

237 2985 394 3047 bementer
415 2989 578 3068 probamus
604 2990 789 3050 verissimam
818 2993 958 3055 hleinekii
986 2996 1210 3073 coniecturam,
1241 3014 1296 3075 pro
1316 2980 1357 3051 πί

227 3082 291 3151 .πα’
312 3090 472 3149 scribentis
492 3090 555 3171 ⁸²),
579 3094 751 3173 quodcum
774 3096 899 3175 reliquis
924 3097 1104 3178 scriptorum
1123 3098 1247 3158 iudiciis
1270 3111 1356 3175 prae-

162 3243 167 3256 ,
241 3190 321 3251 clare
344 3192 495 3253 convenit.
536 3194 599 3254 Iam
617 3198 744 3257 veroin
768 3196 828 3259 linc
848 3198 927 3259 vitae
948 3210 1086 3277 enarrat,
1109 3200 1226 3259 Cratini
1251 3194 1355 3257 subulas

240 3312 303 3353 esse
327 3292 497 3375 deperditas
520 3308 640 3379 praeter
659 3318 751 3361 unam
781 3311 812 3362 et
837 3302 963 3383 viginti,
997 3302 1179 3383 Suidamque
1210 3310 1241 3362 ct
1261 3296 1355 3361 Eudo·

276 3584 317 3652 ²⁸)
327 3581 483 3707 xpm:
499 3582 519 3638 l.
536 3584 555 3638 l.
578 3586 743 3643 mutnus
766 3604 880 3645 amorem
902 3604 963 3643 ssss
984 3594 1031 3644 aot
1047 3588 1185 3662 scriptoris
1201 3592 1248 3643 sut
1264 3576 1355 3638 librarii

277 3755 319 3823 ⁸⁰)
337 3754 417 3811 ebs
459 3756 465 3770 '
487 3775 515 3812 cr
532 3758 567 3811 ud
582 3758 680 3813 Euscb.
706 3779 733 3831 p.
751 3762 812 3817 128.
836 3761 956 3815 Diodori.
980 3761 1075 3831 fragm.
1091 3760 1224 3833 Aristapb.
1241 3778 1269 3833 p.
1286 3756 1316 3808 V.
1332 3754 1355 3803 st

334 3822 450 3880 bleiuek.
481 3845 561 3896 ragm.
580 3828 716 3884 blenandr.
735 3840 762 3884 et
779 3830 885 3883 l'bilcm.
911 3849 937 3901 p.
955 3830 1041 3883 xxii.

279 3928 318 3997 ⁸¹)
336 3927 395 3981 Non
413 3946 515 3999 possum
532 3947 584 3983 nou
601 3931 736 3985 adversari
755 3932 871 3999 Meiero,
889 3934 935 4003 spui
951 3940 981 3986 ut
998 3934 1031 3986 ab
1048 3948 1138 3989 srrurs
1155 3934 1281 3987 liberaret
1297 3922 1355 4009 sefl-

330 4001 662 4131 iw‘miwiiiiiiuiiffi
677 4003 1106 4127 t⁰t.1t⁰lltl⁰⁰h{⁰¹¹l‘l2l‘
1123 4000 1261 4129 li'iis'i'
1277 4010 1354 4122 ⁶iii'·

330 4084 548 4205 uticentiitionem
565 4156 617 4211 quc
632 4106 716 4193 ibinus
732 4140 859 4206 insumus,
884 4082 1166 4213 abnioayssrtpsimin
1183 4112 1232 4195 usti
1244 4086 1355 4207 lbipumdi

326 4204 486 4275 impedimur.

279 4308 321 4377 θ’)
339 4308 382 4359 ct.
401 4308 522 4362 hisiueke
539 4288 575 4371 Qss
592 4312 635 4365 Sc.
654 4312 683 4380 l,
702 4328 729 4383 p.
749 4314 781 4368 15
798 4330 889 4384 seqq,
908 4330 1051 4387 quanquam
1068 4314 1092 4369 is
1108 4309 1277 4370 confidentius
1293 4297 1354 4372 loqui

333 4379 447 4431 debebat
463 4388 492 4433 et
507 4378 576 4447 aaa
592 4388 697 4453 poterat
713 4383 836 4437 mustum
854 4384 1010 4458 relinquero.
