2784 4959
169 534 173 545 Ι
251 419 331 494 DE
354 417 802 497 Autsuorflttttts
828 420 980 499 VITA.
1101 442 1164 503 cns

65 610 131 669 rism
152 606 241 669 babet
264 610 479 686 assentientcs3
514 609 567 690 qui
595 629 757 680 consensus
784 612 921 673 turbasse
946 610 1068 677 videtur
1091 616 1170 679 llei-
1212 672 1216 683 ,
1242 630 1249 701 s
1288 660 1292 669 a
1367 640 1369 655 ·

68 709 236 785 nekiun⁸’).
279 710 338 770 lllo
360 720 460 770 antem
482 711 516 771 in
543 712 614 772 luco
637 714 664 773 si
684 735 742 795 pro
764 707 810 775 ἰα’
838 715 1019 796 scriberetur
1041 713 1082 781 κε’
1107 738 1169 781 nu·
1211 724 1213 731 '

75 832 159 873 mnas
169 813 264 874 dictas
276 832 347 873 cum
359 812 544 891 Quium
557 813 726 875 iabulnum
746 815 921 894 frumentis
937 817 1075 897 apprime
1094 840 1169 881 con·

80 915 180 979 sonsa
217 916 303 990 Quae
325 916 429 975 omnm
449 916 575 977 sirecte
590 916 838 994 diiudicsviusus,
858 926 896 977 ut
916 926 1003 977 satas
1023 938 1083 998 pro
1095 920 1170 983 Plri-

79 1016 160 1076 lotino
186 1019 330 1079 Diotisnus
359 1028 391 1079 et
414 1038 472 1099 pso
493 1018 596 1080 lliocle
623 1017 773 1081 Philocles
798 1018 857 1079 erit
883 1021 1093 1101 reponendus,
1127 1021 1171 1082 its
1213 1090 1217 1101 p
1245 1046 1249 1054 ·

77 1112 259 1198 ssucproxe'
277 1114 429 1201 scc',.pro
447 1112 554 1185 sss‘ste'
571 1119 773 1183 senbidebet.

140 1288 312 1351 Accedimus
333 1292 374 1351 ad
398 1287 552 1351 difficilem
580 1292 797 1371 quaestionem,
828 1311 904 1373 quse
931 1301 976 1353 est
1002 1290 1119 1355 deiide
1140 1302 1172 1355 et

73 1391 227 1451 actoritate
250 1403 357 1453 nostro
382 1393 524 1474 scriptori
542 1392 681 1453 babendo
700 1405 730 1457 et
751 1394 787 1455 de
814 1394 963 1471 lontibus,
994 1393 1022 1455 ei
1043 1414 1118 1475 quos
1138 1394 1171 1455 in

74 1496 254 1573 componenda
270 1496 375 1555 libello
395 1496 526 1576 scriptor
546 1506 664 1556 secutus
685 1505 738 1557 est.
782 1496 880 1571 Quam
894 1495 946 1577 qui
965 1504 1034 1557 ante
1047 1517 1104 1557 nos
1118 1516 1171 1575 ag·

76 1596 142 1670 gredi
160 1598 278 1657 debebat
297 1600 481 1671 bleinekius,
510 1597 667 1679 scriptoris
691 1596 865 1658 testimonio
892 1619 955 1659 non
980 1618 1048 1659 rsro
1074 1598 1170 1659 conii-

75 1716 125 1757 sus:
142 1699 166 1758 is
181 1701 214 1759 in
233 1721 268 1759 eo
285 1702 408 1781 negotio
420 1698 548 1780 gerendo
567 1721 623 1759 nes
636 1700 767 1761 maximo
789 1720 880 1783 opere
895 1700 1033 1781 sdinvit2
1052 1702 1084 1761 in
1100 1700 1172 1759 uni·

73 1818 174 1862 versum
194 1812 290 1863 sutem
314 1822 399 1883 spem
428 1810 563 1861 nostram
590 1811 622 1861 et
655 1803 893 1883 expectationem
920 1802 1024 1863 erebro
1053 1804 1172 1867 fetcttit.
1269 1814 1274 1825 ·

70 1902 131 1961 llam
150 1926 237 1985 quum
257 1905 294 1965 de
315 1887 472 1985 scriptoris
492 1881 558 1963 fide*
581 1913 611 1963 et
629 1903 824 1981 auctoritate,
852 1914 1011 1985 antequam
1039 1904 1172 1977 scenicas

73 2006 236 2083 quaestiones
256 2007 444 2083 institueret,
466 2004 543 2065 nihil
565 2005 638 2065 certi
660 2015 713 2066 aut
735 1988 884 2067 elicuisset
903 2017 956 2069 aut
977 2006 1085 2067 elicere
1104 2018 1168 2069 stu·

74 2106 184 2187 duisset3
205 2130 264 2190 qus
284 2110 348 2168 sola
367 2118 468 2166 tameo
486 2106 535 2167 via
557 2108 752 2188 procedentes
776 2116 843 2169 tuto
868 2110 1098 2191 progredimurt
1130 2110 1173 2172 its

77 2210 154 2270 estin
169 2212 382 2273 dubitationem
410 2210 570 2291 delapsus,
598 2218 634 2269 ut
661 2210 752 2269 modo
780 2230 867 2271 suum
898 2212 998 2291 potius
1026 2211 1171 2273 iudicium

81 2324 188 2374 omnm
205 2336 282 2393 esse,
304 2312 394 2387 modo
420 2312 690 2374 Alexandrinorum
713 2312 820 2371 canoni
849 2292 1016 2373 adhaesisse
1035 2313 1172 2375 affirma·

85 2424 124 2472 ret
138 2416 180 2490 “t
211 2420 251 2479 Aa
272 2438 333 2497 qno
354 2416 475 2475 tandem
503 2414 596 2475 modo
623 2415 663 2477 ad
690 2412 964 2473 Alexandrinorum
996 2415 1173 2491 criticorum

86 2515 275 2581 indicionenm
296 2539 359 2579 sese
379 2518 580 2599 composuisse
603 2514 758 2597 probabile
772 2524 832 2593 est,
854 2516 905 2595 qui
921 2524 956 2577 ut
976 2516 1012 2577 de
1035 2516 1170 2597 Phryni-
1241 2590 1244 2597 ¹

87 2617 144 2697 cbo,
166 2623 195 2684 de
210 2647 269 2707 quo
298 2621 449 2683 dubitavit
468 2620 643 2696 Meinekins,
666 2627 797 2695 taceam,
833 2616 904 2677 lieet
933 2618 1111 2707 quibusdam
1138 2618 1173 2677 in
1270 2668 1274 2683 ,

82 2724 150 2783 rebus
165 2728 198 2786 iis
211 2726 366 2801 assentiat,
388 2732 492 2781 contra
510 2723 631 2781 illorum
649 2730 780 2781 mentem
802 2720 954 2785 Platonem
977 2720 1105 2819 omisit,⁸
1116 2718 1174 2779 ud-

82 2824 141 2887 didit
155 2842 180 2889 et
197 2833 340 2891 Cratctem
362 2836 391 2886 et
412 2822 601 2905 Magnetem?
624 2824 664 2883 At
681 2822 754 2883 huic
775 2824 942 2903 quaestioni
965 2844 1026 2883 non
1045 2842 1171 2904 respon-

81 2926 130 2989 deri
147 2944 234 3012 potest
251 2944 313 2993 tam
334 2930 439 3011 paucis
456 2928 572 3004 verbis,
595 2927 654 2985 nisi
674 2926 760 3007 prius
783 2925 871 2985 aliam
893 2924 1085 2987 absolvimus.
1112 2922 1170 2983 Ne-

81 3037 208 3095 marium
228 3037 307 3095 enim
327 3031 416 3092 nobis
438 3031 559 3092 videtur
587 3029 756 3090 accuratius
780 3048 843 3089 eam
872 3026 1023 3107 susscipere
1048 3024 1194 3105 disquis

80 3133 204 3216 sitionesn,
223 3138 410 3217 scriptorum
428 3134 578 3209 delectus,
608 3151 695 3212 quem
714 3142 784 3213 post
804 3128 1018 3191 Ruhnkenium
1036 3127 1172 3187 virorum

82 3235 208 3301 doctorum
235 3240 439 3322 plurimorum
468 3256 519 3295 ore
549 3234 674 3312 tritum,
704 3233 743 3293 ad
771 3241 904 3291 nostram
926 3248 1022 3309 usque
1046 3236 1171 3287 aetatem

81 3358 147 3399 neno
170 3343 297 3403 tentavit
333 3350 362 3401 et
394 3336 584 3421 explanatius
611 3334 771 3418 exposuit,
810 3332 906 3413 qualis
923 3332 1040 3407 luerit,
1077 3338 1106 3388 et
1133 3328 1172 3389 etl

83 3460 139 3517 quos
154 3448 307 3528 scriptores
332 3442 521 3525 pertinuerit.
566 3440 634 3514 Quo
655 3437 822 3517 explicato,
845 3426 1019 3512 facillimum
1040 3432 1097 3491 erit
1121 3430 1171 3490 iu-

85 3540 175 3626 dicatu,
202 3558 304 3609 unum
330 3566 419 3607 suum
440 3544 542 3627 potius
566 3542 729 3617 iudicium,
752 3560 791 3599 an
812 3534 1083 3598 Alexandrinorum
1112 3517 1172 3593 tle-

84 3642 169 3707 Mum
180 3660 295 3711 secutus
313 3648 354 3709 sit
369 3646 460 3708 lamus
479 3646 516 3707 de
535 3632 688 3705 comoedia
715 3638 973 3703 commentationis
993 3646 1108 3698 auctor.

91 3822 260 3843 *m—

117 3926 663 4005 'lctsinsQSeLplbetpib

118 4036 438 4105 “lffiemestSoll‚
454 4033 593 4108 puceu.
611 4050 637 4104 p.
654 4032 681 4086 7.
