2784 4959
213 427 363 481 esces-n
434 443 439 456 ·
561 341 1007 482 connenrsrro

209 601 300 674 rapta
325 611 389 653 esse
410 593 534 654 censuit
580 591 681 668 Quare
704 589 899 652 Athenienses
920 591 1043 673 qnidam
1064 591 1175 670 adea,
1194 613 1281 674 quas
1300 615 1338 656 ex

212 693 342 760 foederis
366 705 454 775 pacto
476 695 613 756 iacienda
635 705 735 773 erant,
757 713 928 774 provocare
948 715 1009 754 non
1032 705 1171 776 poterant
1190 698 1339 779 ampliua3

209 797 438 858 Lacedaemonii
459 807 558 857 antam
578 806 660 858 recte
678 797 728 857 hia
749 796 851 857 verbis
878 795 1042 856 utebantur
1069 793 1147 873 „geio
1165 804 1230 871 τοῖς
1252 803 1339 870 θεοῖς

208 897 341 980 ἐπίωμεν
362 895 412 962 int
429 896 501 973 roric
515 893 737 973 ddtnoeivrur‘ss
766 895 944 976 Delphicum
965 915 1040 958 vero
1061 899 1237 978 oraculum,
1268 899 1338 958 dum

210 999 323 1060 beilum
344 1001 415 1060 totis
436 1001 550 1062 viribus
572 1000 735 1082 gerendum
756 1000 864 1076 euasit,
891 997 974 1060 bend
994 999 1086 1062 dubie
1104 1001 1205 1081 ipsum
1224 1001 1338 1061 viciata

213 1101 337 1160 foedera
359 1101 490 1162 credidit
504 1100 563 1187 ⁴⁴).
607 1101 666 1164 Sed
690 1100 884 1161 Athenienses
904 1111 1010 1162 contra
1037 1102 1069 1161 in
1099 1121 1133 1161 ea
1162 1101 1339 1184 pertubant

209 1203 372 1281 sententia,
402 1203 650 1266 Lacedaemonios
671 1203 789 1284 priores
811 1203 868 1264 sibi
887 1202 1000 1264 bellum
1018 1201 1168 1264 intulisse.

295 1319 350 1382 His
381 1322 517 1383 omnibus
550 1321 642 1383 rebus
671 1323 855 1402 perspectis,
889 1321 1107 1402 Aristophanes
1134 1320 1194 1382 bac
1219 1339 1335 1380 comoe-

211 1421 260 1484 dia
282 1453 325 1468 --
347 1443 416 1483 nam
438 1423 507 1485 illae
530 1423 753 1485 criminationes
782 1442 841 1504 par
867 1433 966 1483 totum
987 1424 1102 1484 beilum
1121 1423 1195 1483 beili
1217 1441 1335 1482 mussas

210 1523 390 1586 dicebantur
412 1559 448 1570 -
474 1526 636 1607 populares
658 1524 768 1585 docere
789 1525 933 1606 suscepit,
953 1525 1109 1588 decretum
1132 1527 1165 1586 in
1185 1525 1335 1603 Megaren-

210 1651 259 1692 ses
281 1632 393 1691 iactum
421 1629 502 1688 iusto
523 1626 689 1688 levioribus
721 1625 759 1685 de
782 1625 895 1685 caussis
922 1648 1003 1705 ease,
1028 1627 1335 1703 Lacedaemoniosque

210 1741 372 1815 propterea
392 1728 508 1792 betium
528 1727 690 1789 inferentes
712 1725 789 1788 nibil
810 1727 880 1788 miri
900 1729 1017 1800 iecisse,
1040 1730 1124 1810 quod
1145 1728 1333 1789 Athenienses

211 1833 268 1914 ipsi
295 1832 377 1892 haud
398 1831 571 1890 dubitanter
599 1849 634 1889 ac
660 1831 757 1890 multo
784 1831 913 1894 cadesim
940 1851 1031 1913 quam
1050 1829 1276 1893 Lacedaemonii
1294 1827 1334 1885 ia-

211 1933 291 1992 cturi
320 1932 447 1992 inissent
462 1927 518 2013 ⁴⁸).
562 1929 674 1992 Odium
705 1941 811 1994 contre
831 1933 1097 2013 Lacedaemonios,
1125 1953 1198 2012 agro
1223 1939 1332 1992 vastato

211 2044 390 2114 conceptum
417 2033 449 2094 in
480 2053 531 2092 eos
559 2053 624 2093 esse
653 2031 695 2093 ait
716 2033 915 2114 vertendum,
947 2035 1000 2116 qui
1025 2035 1138 2097 iniuste
1160 2045 1281 2116 agentes
1300 2029 1334 2090 ad

211 2155 293 2195 anne
324 2135 393 2196 illos
427 2133 631 2216 provocarint.
682 2135 715 2194 si
743 2137 796 2216 qui
823 2135 975 2214 dicerent,
1008 2157 1069 2198 non
1103 2139 1197 2200 inisse
1231 2136 1332 2197 bellam

211 2235 456 2318 suscipiendum,
479 2235 533 2297 aed
554 2235 668 2296 iudicio
689 2256 752 2297 rem
774 2237 1013 2300 decernendame
1035 2259 1086 2299 eos
1109 2240 1183 2320 quid
1204 2239 1333 2320 ipsisne

211 2339 330 2420 cepturi
352 2339 494 2411 fuissent,
524 2338 658 2418 cogitare
683 2337 827 2418 iubsew).
869 2339 1030 2400 Decretum
1048 2339 1143 2420 igitur
1163 2340 1332 2402 solvendum

209 2441 388 2521 legatosque
417 2439 671 2502 Lacedaemonem
701 2440 863 2501 mittendos
891 2463 955 2502 essa
983 2444 1041 2518 ait,
1072 2445 1124 2521 qui
1150 2441 1211 2504 hac
1239 2439 1332 2503 condi·

212 2543 295 2603 tione
317 2543 416 2620 dicta,
442 2560 549 2623 pacem
577 2563 646 2602 cuna
674 2542 736 2601 illis
757 2541 875 2607 inirent.
919 2543 980 2604 Sed
1009 2542 1097 2605 nlinm
1119 2563 1243 2624 quoque
1260 2543 1331 2602 viam

213 2645 384 2724 ingressus,
407 2642 538 2722 ¹enodem
567 2663 632 2704 rem
660 2645 779 2722 assequi
807 2644 915 2708 voluit
957 2645 1016 2706 Ubi
1044 2647 1122 2706 enim
1152 2643 1331 2726 Dicaeopolis

213 2745 314 2806 iorum
336 2761 425 2806 suurn
446 2755 607 2826 aperuerat
635 2745 833 2826 omnibusque
854 2745 1008 2825 edixerat,
1037 2757 1072 2807 nt
1100 2767 1176 2831 pecs
1205 2747 1329 2809 restituta

213 2846 253 2908 ad
275 2867 307 2907 se
331 2846 487 2923 venirent,
509 2847 626 2927 sibique
650 2846 905 2928 queehaberent,
925 2847 1109 2909 venderent:
1130 2849 1262 2931 primum
1279 2846 1329 2906 iis

215 2967 368 3026 garenaem
389 2945 539 3008 hominem
560 2949 714 3031 producit,
732 2959 795 3009 tam
816 2951 923 3010 misere
944 2949 1104 3024 afflictum,
1125 2963 1162 3012 nt
1181 2949 1327 3010 Athenien·

215 3050 293 3110 aium
313 3047 548 3112 misericordiam
571 3051 704 3112 excitare
732 3051 866 3112 voluisse
886 3052 1053 3113 censendus
1074 3048 1179 3138 ἀμ’).
1223 3051 1258 3112 id
1275 3051 1328 3129 ipse

205 3151 324 3216 'acholii
352 3151 481 3232 scriptor
511 3150 736 3236 observarit⁴⁸)
764 3197 784 3231 „
792 3150 904 3236 ἔρχεται
927 3150 1089 3239 Μεγαρεύς
1116 3174 1180 3229 τις·
1212 3151 1327 3220 oiseis

214 3255 233 3320 d
243 3251 257 3317 i
277 3249 384 3318 caino
406 3251 429 3334 ef
450 3253 588 3319 ivaosu
609 3253 675 3318 nei
696 3257 831 3321 oiston
852 3250 1000 3336 prereif‘
1042 3257 1187 3317 Extrema
1208 3269 1326 3332 moneor

214 3375 361 3440 passuros
382 3375 446 3419 ease
468 3355 661 3419 demonstrat.
706 3357 809 3433 Quum
827 3351 906 3419 enim
927 3357 1053 3419 dixisset
1073 3357 1269 3440 biegsrenaia:

153 3613 156 3620 ’
230 3643 274 3710 ⁴⁴)
291 3639 413 3712 maye.
431 3641 454 3696 r.
471 3657 496 3698 s
516 3643 575 3708 ne,
593 3645 653 3700 ten

229 3727 271 3794 ¹⁵)
288 3727 369 3780 Arist.
386 3728 516 3782 Acheron.
530 3729 691 3785 coe-656.

230 3813 272 3884 ··>
288 3813 449 3932 nm
466 3830 483 3869 ·
500 3811 814 3938 onon·
829 3813 1025 3941 nnn
1040 3815 1201 3942 neec·
1217 3811 1325 3939 or

200 3881 596 4036 pertinento.
649 3892 718 3950 ‘²¹²‘
798 3899 831 3937 ‘¹
1032 3903 1050 3958 ⁹
1143 3887 1298 3958 mu·

228 4055 270 4124 ⁴¹)
287 4053 329 4107 te
347 4071 372 4106 v.
389 4053 452 4112 729.
486 4053 607 4110 Ceterum
625 4053 738 4110 tortam
754 4072 785 4110 rs
801 4073 865 4110 vera
881 4055 926 4112 tuo
944 4044 1069 4179 tempore(1
1077 4057 1184 4181 apersit,
1205 4055 1325 4183 qqlbiaqru

284 4187 747 4333 acqfflvdffifftffipidwffe
767 4197 929 4262 unicornu·
952 4192 1003 4251 ded
1025 4143 1079 4267 fiio
1103 4143 1193 4254 :dieb
1212 4195 1258 4252 sni
1271 4161 1325 4250 i'n's

282 4139 390 4189 rensea,
414 4123 596 4190 incrementi,
620 4123 716 4178 liberos
739 4125 889 4180 venderent.
930 4125 1000 4180 Scito
