2784 4959
246 408 250 415 ·
310 420 386 497 ru
429 381 990 500 tersior-usuris
1035 398 1064 475 Ἰ
1108 406 1185 499 ξω

75 608 191 671 scholiis.
212 608 301 675 dites·
314 611 344 673 A
359 617 391 679 2.
408 630 484 675 serv.
498 630 547 671 nr.
560 610 629 688 40„
650 613 756 673 tertius
770 614 839 679 As.
852 632 929 673 serv.
938 633 986 675 nr.
1000 614 1072 689 65„
1094 596 1186 693 qoarss

84 724 129 771 tua
140 734 202 773 sne.
215 735 263 773 nr.
278 720 353 791 97„
379 714 503 793 quintus
521 712 649 793 denique
667 734 743 775 serv.
759 703 806 776 nr.
822 720 892 783 100.
913 716 953 775 lli
974 724 1116 793 quattuor
1129 734 1187 773 ex·

91 817 160 875 neni
174 821 283 896 pariter
309 826 382 877 sunt
404 815 571 891 chartacei,
599 817 695 875 forms
717 818 861 898 qusdrata
877 808 1049 895 'diligenter
1067 810 1186 897 'scripti

92 917 149 975 etio
165 920 283 997 margin.
301 927 527 1000 repraesentent
549 918 660 997 glosass
682 930 827 999 notasque
847 939 991 1000 perquem
1007 922 1186 997 frequentes.
1212 916 1216 924 ’

87 1020 195 1097 dtquid
212 1024 243 1081 iu
263 1020 313 1081 his
336 1022 463 1100 aliisque
482 1016 581 1079 adhuc
601 1022 790 1101 reperiundis
808 1023 896 1100 insit,
918 1033 949 1082 et
966 1022 1038 1080 inde
1060 1024 1093 1079 in
1107 1022 1189 1079 hene

83 1118 225 1181 editionem
246 1124 481 1200 redundaverit,
503 1122 615 1185 rectius
638 1124 784 1183 indicabit
812 1117 912 1187 tomus
936 1125 1094 1205 proximus
1118 1125 1187 1182 fru-
1267 1154 1277 1169 ·

81 1232 154 1283 unm
166 1226 248 1285 illine
259 1226 382 1285 demum
394 1235 579 1305 recepturus.
623 1226 723 1299 Quum
738 1246 811 1286 vero
827 1226 916 1288 codd.
934 1226 1069 1287 dmbros.
1085 1244 1188 1285 omnes

78 1336 187 1402 praeter
205 1328 278 1388 alius
302 1328 418 1391 tabulas
440 1329 561 1387 Plutum
584 1346 704 1421 quoque
727 1328 905 1406 exhibeant,
926 1329 1009 1409 quod
1031 1327 1106 1388 mihi
1121 1346 1188 1387 sero
1314 1370 1321 1389 ,

79 1428 281 1507 innotuerunt,
306 1450 378 1489 asne
400 1430 560 1490 dolendum
584 1440 638 1493 eet.

157 1550 304 1615 82—44.
325 1547 395 1611 edd.
410 1560 479 1611 vett.
496 1572 539 1605 =
554 1549 699 1611 editiones
718 1560 834 1613 veteres
853 1546 1081 1611 has'brevitrtis
1101 1566 1190 1610 cansa

86 1668 183 1727 pesum
196 1672 321 1713 vocene
620 1654 625 1667 '

160 1772 206 1837 32
225 1769 299 1835 ΑΜ.
320 1802 365 1817 -
384 1771 484 1831 Editio
499 1770 642 1852 princeps
660 1792 682 1831 s.
699 1769 818 1832 Aldine.
839 1770 1187 1852 Aristophaniscomoe·

87 1867 257 1931 diaeuovenr
276 1872 352 1955 (non
367 1874 502 1935 continet
518 1872 817 1955 Thesmophoriesus.
834 1884 863 1933 et
881 1868 1035 1955 Lysistr.).
1056 1870 1188 1931 venetiis

87 1990 132 2050 ap.
152 1974 254 2035 dldum
275 1976 453 2039 hlenutium.
480 1977 569 2044 1498.
595 1976 628 2037 in
650 1977 701 2040 sol.
720 1974 820 2036 Editio
837 1974 981 2055 pulchra,
1003 1995 1077 2054 quae
1090 1972 1189 2032 codici

89 2074 277 2150 perhibetur.
321 2078 465 2138 Continet
485 2090 637 2159 praetereo
665 2078 780 2139 scholia
801 2099 818 2135 e
840 2078 941 2137 Marco
967 2078 1090 2136 Musuro
1114 2076 1189 2135 Gre-
1281 2126 1289 2142 ,

92 2176 160 2235 lensi
178 2182 309 2259 collects;
335 2182 449 2275 ¹quibus
473 2183 627 2243 codicibus
658 2203 730 2243 usus
755 2183 797 2241 sit·
819 2178 934 2255 Aldus,
963 2198 1026 2237 non
1054 2186 1188 2256 conrtrtp

94 2276 212 2355 pluribus
230 2306 315 2344 usum
336 2306 399 2344 esse
418 2286 483 2345 veri
511 2307 572 2346 non
595 2296 641 2347 est
671 2283 832 2361 dissimile,
860 2280 929 2362 quin
951 2280 1106 2356 codicem,
1136 2278 1190 2357 qui
1253 2362 1257 2370 ἱ

104 2400 189 2443 omnes
199 2386 301 2448 isbulos
314 2387 475 2479 exhibent,
497 2408 602 2469 magns
616 2397 660 2447 est
671 2386 788 2447 raritas.

177 2506 387 2571 ttEdirtones
414 2508 569 2569 luminae:

173 2628 196 2667 u
216 2608 292 2673 lunt.
325 2615 353 2677 1.
388 2644 427 2656 -
461 2610 561 2672 Editio
594 2608 716 2671 Iuntina
747 2604 854 2691 primu
897 2600 1109 2685 Aristophanis
1134 2624 1190 2663 co·

100 2708 334 2773 noedirenovem.
357 2700 545 2791 florentiae,
565 2732 656 2795 opera
678 2721 710 2771 et
729 2718 853 2790 sumptu
868 2706 1000 2788 Philippi
1021 2706 1126 2766 luntas
1141 2704 1192 2787 (de
1298 2754 1302 2761 .

101 2806 325 2891 Giunts).1515,
357 2818 386 2881 8.
409 2801 562 2874 Praefatur
589 2824 633 2877 est
654 2815 824 2875 Bernsrdns
850 2810 938 2871 lunte
967 2807 1192 2891 1’11.f·‚cuiua

98 2912 198 2975 nomine
209 2916 296 2997 vulgo
320 2916 513 2997 significetur.
1030 2991 1033 3004 Ι

166 3016 208 3077 dd
226 3018 303 3079 hunc
322 3020 484 3081 editionem
504 3018 635 3101 pertinet
655 3018 756 3079 adhuc
779 3020 973 3099 Lysistratus
993 3022 1023 3074 et
1054 3013 1191 3074 Πανιω-

97 3114 332 3193 phorinsusarum
354 3122 447 3181 editio
468 3126 631 3205 princepe,
663 3124 700 3183 ab
723 3120 826 3184 eodem
849 3110 942 3181 Bem.
965 3114 1059 3177 Iuntn
1086 3116 1191 3175 eodem

102 3236 161 3280 tnnc
172 3242 205 3283 ex
221 3224 323 3285 codice
344 3224 540 3285 bibliothecae
555 3225 707 3285 Urbinatis
729 3226 815 3284 llom.
828 3220 1019 3301 singulariter
1035 3228 1138 3297 persta
1158 3217 1192 3275 in

103 3322 199 3389 buin.
226 3328 301 3387 Nam
322 3328 355 3387 in
377 3348 485 3389 novem
511 3328 665 3409 prioribus
695 3326 820 3402 fabulis,
850 3321 987 3403 quamvis
1015 3328 1047 3379 et
1074 3319 1192 3381 codices
1269 3328 1283 3349 ⁰

101 3430 259 3491 consuluisse
279 3431 430 3509 videntur,
451 3432 590 3495 Aldinam
615 3429 762 3511 sequitur.

163 3534 186 3593 l.
215 3534 299 3597 lunt.
322 3540 352 3603 2.
381 3564 425 3581 -
450 3534 550 3595 Editio
571 3534 693 3595 Iuntina
715 3526 856 3592 secundo.
887 3521 1002 3585 Prodiit
1022 3522 1193 3583 Florentiae

102 3635 163 3715 lypis
184 3636 346 3699 haeredum
366 3635 442 3701 rhu.
466 3636 568 3697 luntre
593 3636 683 3705 1525.
706 3644 735 3695 et
766 3630 908 3690 edornete
932 3637 977 3687 est
1003 3627 1039 3685 ab
1055 3625 1192 3685 Antonio

103 3734 206 3801 Frocciro
229 3739 418 3802 Verchiensi.
463 3740 604 3801 Continet
627 3759 739 3799 novem
756 3735 824 3795 illas
847 3730 982 3807 subulas,
1005 3749 1077 3809 ques
1098 3728 1194 3789 Aldus

104 3838 221 3925 diderat,
248 3866 319 3905 cum
343 3842 464 3903 scholiis
485 3841 605 3902 Aldinis
631 3850 662 3900 et
691 3840 757 3899 eliis
774 3838 884 3919 peioris
906 3842 1004 3893 notre.
1046 3830 1195 3891 Adhibuit

107 3940 216 4009 Furious
231 3930 268 4011 et·
279 3946 419 4023 codices,
442 3944 494 4025 qui
510 3954 609 4003 tomen
622 3942 802 4007 recentiores
815 3948 844 3999 et
863 3936 954 4019 pretii
968 3934 1093 3995 minoris
1102 3936 1195 3995 luisse

107 4056 225 4121 putetur.
269 4048 421 4111 Nonnulli
441 4048 517 4108 hunc
538 4044 676 4105 luntiuae
696 4042 793 4127 priori
809 4040 909 4102 nescio
930 4058 989 4120 quo
1012 4036 1078 4097 iure
1098 4056 1194 4119 prae-

50 4158 54 4165 '
104 4149 184 4233 sunt5
205 4156 240 4217 iu
260 4154 356 4215 Pluto
370 4153 471 4213 saltem
489 4148 701 4233 posthabendi.

158 4280 180 4321 r.
210 4259 299 4320 June.
321 4256 354 4319 3·
382 4284 422 4301 -
447 4255 502 4315 Ed.
522 4250 643 4317 Iuntina
664 4246 764 4309 tertis.
801 4244 918 4308 Prodiit
943 4240 1113 4305 Florentiae
1139 4260 1195 4321 per

97 4358 268 4427 Benedictum
293 4359 525 4427 lnutsm1540.
567 4354 651 4417 Nihil
672 4352 747 4413 novi
766 4351 909 4411 continet.
964 4345 1097 4407 Omissa·
1123 4350 1194 4403 sunt
