2784 4959
222 442 271 495 ω
361 378 421 475 '.
545 411 995 539 connrnrereo
1098 433 1101 441 ’

504 842 705 919 PARS
789 842 1052 923 PRIOR.

500 956 511 991 x
739 1004 830 1107 VH:

305 1164 513 1253 Aristophanie
534 1166 627 1249 igitur
646 1190 747 1233 amore
764 1172 904 1235 incanam
931 1192 1025 1253 quum
1046 1190 1110 1232 non
1131 1166 1205 1229 eine
1234 1166 1360 1226 fervore

222 1266 285 1327 eiue
302 1270 433 1329 carmina
455 1271 551 1353 legere
568 1274 760 1354 incepissem:
783 1297 888 1357 magna
905 1274 995 1337 eimul
1014 1269 1203 1333 incendebat
1229 1266 1359 1350 cupidi-

221 1380 298 1447 tate,
335 1370 372 1431 de
392 1372 455 1434 eine
475 1376 540 1435 rita
564 1384 594 1435 et
621 1377 754 1437 moribus
783 1384 976 1459 queec'emque
1003 1395 1191 1455 cognoscere
1220 1391 1358 1455 possem,

223 1472 383 1553 colligendi
405 1485 436 1535 et
458 1477 665 1540 coacervandi.
711 1479 802 1552 Quod
824 1480 904 1542 enim
922 1479 954 1539 in
967 1479 1115 1560 Sophocle
1136 1497 1201 1539 euo
1223 1470 1358 1556 Ephrai-

223 1596 289 1657 mm
303 1576 469 1657 Lessingiue
485 1556 635 1659 eeneerat,
657 1579 708 1640 vel
727 1580 881 1639 minimam
900 1581 938 1640 de
959 1581 1070 1643 dilecto
1082 1581 1149 1642 viro
1173 1598 1278 1661 quam
1299 1596 1358 1633 no·

221 1676 319 1737 titiam
340 1680 474 1761 capimue
495 1683 620 1743 amantio
642 1682 676 1743 in
698 1682 797 1742 animo
820 1702 957 1761 magnam
979 1703 1100 1745 movere
1115 1681 1292 1743 laetitiam:
1315 1676 1357 1753 id,

222 1780 282 1841 nisi
301 1783 384 1841 nesae
405 1782 533 1845 hahetur
559 1805 652 1867 parva
672 1784 787 1871 meguie
808 1805 1003 1865 componere,
1025 1787 1059 1850 in
1075 1806 1143 1847 meo
1165 1782 1253 1843 mihi
1277 1801 1356 1840 con·

221 1882 323 1963 tigisee
349 1886 445 1945 sateor
471 1886 679 1969 Aristophane.
712 1874 769 1946 'At
798 1908 860 1967 qno
889 1889 1029 1971 cupidine
1065 1889 1354 1969 circumepexerem

222 1986 461 2067 quaesieremque
486 1988 681 2048 desideratam
704 1989 769 2051 eine
794 1990 876 2051 vitae
907 1992 1124 2073 cognitionem:
1152 1988 1219 2049 hoe
1249 1987 1354 2048 minus

220 2086 384 2168 reprimere
403 2090 489 2169 potui
514 2090 668 2151 tristitiem
687 2090 865 2171 quemdam,
887 2112 980 2173 quum
1001 2093 1150 2155 infelicem
1171 2112 1243 2153 rem
1265 2086 1353 2149 hebi-

220 2198 320 2249 turam
341 2209 402 2249 eeee
424 2210 595 2251 encceeeum
622 2193 850 2275 perepexieaem.
898 2194 971 2254 Mox
999 2196 1079 2255 enim
1109 2192 1193 2271 vidi,
1225 2191 1354 2253 Aristo·

220 2288 328 2378 phania
354 2290 445 2351 vitam
471 2291 630 2373 hucusque
655 2315 780 2375 prorene
806 2296 971 2375 neglectam
1000 2296 1135 2378 virieque
1165 2294 1269 2355 doctie
1297 2291 1354 2350 in-

220 2402 331 2453 tactam
356 2391 492 2457 iecuiaee.
536 2394 619 2455 Inter
644 2396 825 2459 recentioree
850 2416 927 2478 qaae
947 2396 1129 2459 Nicodemm
1154 2394 1353 2458 Friechlinut

220 2496 420 2581 praestiterit,
440 2514 499 2575 qne
524 2495 609 2559 inre
628 2517 733 2561 eorum
753 2501 852 2561 virtue
872 2510 904 2561 et
921 2501 1051 2584 digniter
1074 2510 1232 2579 cernetur,
1256 2512 1352 2578 eupre

220 2596 363 2658 indicavi.
405 2598 500 2657 Totue
523 2608 568 2657 eet
594 2602 628 2661 in
649 2603 795 2664 vertendo
820 2602 997 2679 echolieete,
1028 2602 1150 2663 criticae
1174 2603 1253 2661 ertio
1276 2610 1352 2659 ten·

221 2682 288 2759 tuni
311 2720 373 2761 non
391 2698 514 2759 omnino
534 2700 668 2781 ignarae.
710 2706 831 2766 Praeter
846 2724 929 2779 eum,
957 2703 1008 2785 qui
1022 2703 1205 2783 peculiarem
1225 2702 1268 2763 de
1283 2702 1352 2762 vite

222 2799 432 2881 Aristophanis
447 2800 582 2865 libellum
604 2817 744 2869 accurate
764 2804 919 2887 ecripeerit
943 2805 1090 2867 neminem
1118 2803 1265 2888 cognovi.
1312 2804 1352 2864 At

222 2911 260 2961 nt
281 2900 358 2960 nihil
372 2906 603 2983 praetermisisee
619 2908 723 2970 videar
734 2955 744 2988 ,
765 2909 849 2989 quod
871 2879 949 2967 scitu
968 2906 1092 2987 dignum
1112 2908 1169 2983 eit,
1189 2907 1255 2967 hoc
1275 2908 1347 2967 loco

223 3002 359 3081 einguloe
381 3006 522 3085 quoedem
546 3012 598 3091 qui
623 3012 718 3071 vitam
749 3008 956 3091 Aristophanie
984 3010 1168 3088 attigerunt,
1203 3011 1345 3087 nomino,

223 3126 410 3187 quanquam,
433 3129 481 3169 me
495 3130 592 3193 neque
611 3114 721 3175 vidisse
744 3133 847 3174 omnee
866 3131 965 3193 noque
986 3122 1126 3193 expetere
1143 3112 1345 3189 vehementer,

223 3209 377 3271 confiteor.
418 3210 529 3283 Liliunr
555 3216 648 3296 igitur
680 3215 867 3295 Gyraldum,
900 3215 935 3275 in
958 3214 1083 3289 hietorie
1103 3220 1263 3297 poetarum
1283 3225 1343 3275 tam

224 3312 407 3371 Graecorum
434 3334 522 3393 quem
551 3318 647 3377 Latin.
675 3317 754 3376 Diel.
786 3317 863 3399 ΧΠ,
892 3316 931 3377 de
957 3316 1160 3399 drietophane
1192 3319 1342 3381 dicentem

222 3416 571 3501 (Opp.Bee.1580.p.
595 3414 688 3497 881.)
716 3428 900 3499 exceperunt
928 3420 953 3482 l.
977 3422 1014 3487 G.
1039 3422 1076 3483 de
1099 3421 1263 3503 Chausepid
1290 3419 1340 3493 (in

221 3518 319 3579 Nouv.
342 3518 465 3579 diction.
484 3519 555 3580 hiet.
579 3530 610 3581 et
628 3520 757 3601 critique
777 3522 860 3581 Tom.
876 3520 932 3605 1.),
953 3524 1119 3585 Brnmoeue
1143 3522 1192 3607 (le
1214 3522 1340 3585 Theatra

224 3620 356 3701 complet
375 3620 427 3681 dee
441 3621 542 3686 Grece.
565 3620 619 3683 Ed.
634 3642 727 3683 nour.
748 3624 1023 3688 droul-hochette
1042 3628 1127 3687 Tem.
1142 3628 1203 3703 X),
1225 3626 1336 3685 Ariete·

221 3718 328 3803 phnnie
350 3722 448 3783 editor
470 3720 584 3807 (Lngd.
606 3724 709 3786 llatae.
732 3726 823 3795 1624.
846 3722 923 3813 12),
944 3730 969 3797 1.
984 3731 1020 3790 G.
1035 3730 1268 3811 Hauptmennue
1291 3722 1337 3805 (5¹1

223 3834 384 3885 comment.
408 3826 445 3886 de
465 3820 664 3909 Arietophe‘ne
684 3838 774 3907 atque
786 3828 869 3887 illiue
887 3833 1058 3896 comoediis.
1080 3834 1175 3893 Gerae
1186 3832 1278 3899 1748.
1294 3821 1335 3905 hl

223 3934 254 3985 et
280 3926 311 3987 Ρ.
345 3926 378 3988 F.
406 3928 637 4011 Kenngieeeerue
665 3926 717 4013 (in
746 3929 968 4013 Eneycloplidie
995 3935 1048 3997 der
1073 3932 1256 3995 Wieeenech.
1275 3924 1336 3989 und

222 4030 341 4090 Klinete
357 4050 388 4093 v.
404 4030 498 4092 Erech
519 4034 584 4095 und
605 4034 739 4107 Gruhrr,
761 4032 797 4095 T.
817 4032 862 4110 V,
883 4055 915 4114 p.
938 4040 1000 4103 268
1014 4042 1101 4117 eqq.).
1128 4034 1212 4109 Quae
1237 4025 1335 4094 merere

155 4118 158 4130 ¹
222 4132 362 4213 Baylium
377 4132 583 4213 impediverit,
605 4154 665 4215 quo
683 4134 783 4195 mnae
800 4133 834 4193 in
855 4134 934 4198 libro
954 4158 1010 4198 eno
1030 4135 1230 4224 (llictioneire
1245 4136 1335 4195 hieto-

223 4234 311 4314 rique
329 4243 359 4294 et
378 4232 521 4315 critique)
541 4236 579 4297 de
593 4237 644 4300 Ar.
658 4236 720 4298 vite
735 4246 915 4317 exponeret,
937 4236 1008 4298 inde
1022 4238 1152 4301 iudicari
1164 4248 1264 4323 potmt
1275 4236 1333 4297 eine

225 4336 419 4413 difficultate,
441 4338 482 4401 of.
500 4336 644 4419 heeeingii
659 4338 755 4399 ritem
772 4336 931 4419 Sophoclie
950 4341 988 4401 eh
1006 4341 1049 4401 in.
