2784 4959
200 423 349 482 cesam
462 452 466 462 .
539 390 989 470 COMMENTATIO

326 578 431 663 ἔξὸτον
452 576 511 667 ysis
532 573 645 648 ἔνθαδ’
663 574 724 644 siss’
745 575 882 666 risdpsa‘r,
905 574 954 655 alc
973 578 1038 665 aldai
1061 579 1121 647 aet
1143 576 1257 665 ilyess,

325 684 344 753 d
363 680 496 770 σώφρων
517 706 549 747 τε
569 677 614 766 χαί
633 678 815 768 καταπύγων
833 678 932 767 ἄριστ’
953 679 1143 765 ἠκουσάτην
1166 714 1210 729 -

327 788 362 853 is
382 782 494 851 τούτου
515 810 568 869 pos
588 783 680 849 nausti
699 782 776 871 ssnp'
796 786 869 871 ripis
890 781 1016 869 γνώμης
1039 781 1121 851 ἔσθ’
1144 780 1243 867 ὅρκια.

198 912 269 987 Quo
292 929 332 969 ex
353 906 509 986 exemplo,
529 910 648 986 τριταῖοι
669 905 790 984 quidem
812 907 913 969 minus
934 905 1112 968 honorilice
1136 904 1249 977 luisse,
1276 904 1327 965 deu-

197 1019 301 1094 sepuia
335 1020 436 1071 autem
462 1005 582 1067 laudem
612 1008 730 1069 auctori
757 1010 902 1071 dramatis
931 1009 1103 1082 obtulisse,
1148 1016 1243 1089 patet.
1281 1006 1327 1065 Sed

198 1112 320 1175 aliunde
347 1129 468 1190 quoque
498 1108 577 1169 idem
605 1112 824 1188 cognoscimus.
875 1112 921 1171 lta
951 1110 1162 1193 Sophoclem,
1200 1109 1252 1189 qui
1277 1109 1326 1167 eius

199 1217 294 1277 vitam
316 1212 453 1292 scripsit,
486 1212 660 1292 saepissime
681 1214 832 1295 primum,
861 1214 1015 1275 interdurn
1035 1213 1233 1286 secundum,
1260 1230 1325 1269 aaa·

198 1336 290 1403 quam
324 1317 447 1376 tertium
484 1316 652 1395 praemium
687 1319 841 1399 accepisse
859 1316 1013 1379 'tradidit
1073 1316 1140 1377 Sed
1168 1334 1220 1376 res
1248 1314 1323 1391 magis

198 1419 360 1503 perspicua
381 1416 451 1494 liet,
483 1415 510 1475 si
539 1438 750 1497 comparamus
773 1420 1039 1495 consuetudinem,
1072 1438 1159 1497 quse
1181 1417 1214 1477 in
1235 1415 1323 1493 Olyn-

90 1542 93 1547 ’
199 1523 278 1603 piois
306 1520 387 1581 ludis
417 1520 556 1585 obtinuit.
604 1521 695 1581 llinas
725 1523 802 1583 euim
836 1523 947 1583 suimus
980 1520 1022 1581 ihi
1052 1520 1221 1583 citationes
1251 1537 1322 1597 prae-

167 1636 171 1650 ·
200 1624 303 1685 conisa
324 1621 449 1701 siugulis
469 1621 609 1683 ludorum
630 1623 739 1685 diebus
760 1623 854 1685 luisse
875 1634 906 1686 et
927 1624 965 1684 ad
982 1622 1193 1686 indicationes
1214 1638 1321 1681 eoram·

198 1746 266 1786 rum
290 1724 375 1784 binas
389 1721 441 1805 ¹⁸).
488 1726 599 1785 Tamen
620 1726 787 1806 praeterire
809 1727 979 1803 nonlicet,
1006 1724 1136 1788 maximi
1161 1722 1252 1783 luisse
1270 1740 1320 1779 na-

199 1827 309 1905 menti,
339 1848 355 1884 a
378 1846 440 1905 quo
461 1828 530 1907 quis
552 1827 651 1889 victua
673 1839 893 1911 superatusque
917 1830 1020 1889 luerit.
1064 1821 1319 1889 vehementissime

199 1929 280 1989 euim
302 1928 493 2009 Aelianus¹⁴)
517 1929 749 1991 Atheniensibus
771 1931 929 2007 irascitur,
953 1930 1023 2011 quia
1045 1928 1183 1991 Xenocli
1204 1926 1317 2009 priam

199 2030 343 2104 dederint,
361 2033 543 2112 praemium,
572 2032 771 2113 Euripidique
793 2050 859 2093 earn
879 2031 1092 2111 praetulerint.
1141 2056 1145 2066 ·

284 2132 388 2211 Neque
416 2142 500 2193 tanto
530 2154 622 2215 opere
651 2134 845 2198 offendissent
866 2132 1100 2215 Aristophanem
1126 2130 1315 2201 Athenienses,

198 2234 225 2293 si
248 2234 369 2293 Cratino
392 2236 567 2315 Cratinique
593 2236 741 2297 similibus
768 2237 868 2317 poetis
888 2237 985 2317 prima
1007 2236 1146 2317 praesuiis
1169 2228 1314 2295 concessis·

199 2345 285 2413 sent,
308 2346 419 2417 quanto
440 2338 573 2418 Amipsia
595 2338 731 2418 praelato
755 2358 823 2401 utus
851 2340 1014 2401 uiolarunt.
1060 2340 1168 2415 Quare
1191 2336 1252 2397 siue
1271 2332 1315 2391 du·

197 2436 250 2497 bio
272 2438 310 2499 ad
331 2438 495 2521 Amipsiem
516 2440 705 2521 potissimum
728 2450 865 2523 spectant
886 2444 937 2503 illa
959 2440 1182 2525 Aristophanis,

550 2553 636 2635 „siss'
659 2553 782 2640 aivdpois
803 2564 959 2644 capessatis

361 2654 507 2737 ἡττηθεὶς
527 2652 587 2721 osis
608 2655 694 2737 ἄξιος
714 2659 772 2724 ais·
784 2665 804 2697 “

196 2794 234 2834 se
246 2773 402 2834 verissima
413 2786 448 2836 et
460 2776 614 2857 aptissime
628 2787 674 2839 est
686 2774 865 2844 scholiastae
878 2780 1043 2854 annotatio,
1065 2798 1158 2860 qaam
1173 2768 1310 2839 lalsoliei·

195 2875 313 2950 nelias,
325 2874 453 2936 Meiems
466 2888 548 2939 recta
560 2879 753 2941 intellexerat
763 2876 826 2959 „mi
838 2880 895 2966 peip
907 2885 1071 2963 Κρατίνου,
1087 2878 1158 2946 a'tl'
1168 2874 1309 2961 Ἀμειψίου

195 2968 335 3058 δεύτερος
349 2973 475 3058 ὄφθη“
491 2978 545 3055 ¹⁶).
582 2980 689 3060 ltaque
709 3002 828 3061 censeo,
850 2984 972 3045 nonnisi
992 2986 1016 3044 si
1031 3004 1131 3063 neque
1146 2978 1307 3045 secundam,

194 3094 295 3157 neque
308 3078 432 3139 tertium
446 3092 623 3161 acceperant
635 3090 812 3163 praesulum,
834 3088 1062 3167 poitassolitos
1079 3088 1174 3148 luisse
1187 3104 1238 3144 sua
1252 3098 1307 3138 etr·

194 3181 274 3239 mina
286 3180 463 3262 emendare;
481 3184 782 3267 Anaxaudridemque
794 3189 1027 3249 coniicia'l'ereo
1041 3188 1144 3250 labala
1156 3182 1305 3249 secundum

195 3282 355 3363 accepisse.
399 3286 480 3362 Ares
498 3287 727 3371 Aristophanis,
757 3308 928 3371 quanquam
949 3292 1106 3374 dsusrpaiu
1129 3287 1251 3362 detulit,
1270 3286 1306 3341 2¹²

193 3460 404 3475 ψ

208 3583 248 3653 ¹¹)
263 3584 351 3640 Faber
366 3587 395 3641 a
414 3588 566 3657 enat-1¹00
582 3592 629 3648 ltu
645 3592 677 3657 1,
699 3606 731 3645 «a
750 3629 758 3645 .
777 3593 827 3655 so,
850 3608 877 3662 a.
898 3594 958 3649 ns.
992 3592 1080 3650 sans
1099 3592 1132 3647 aa
1149 3591 1217 3647 rna
1233 3579 1300 3639 aar.

259 3671 285 3723 p.
304 3658 654 3723 armachanensem,
671 3662 723 3713 rol.
751 3698 759 3727 ,
777 3679 802 3731 p.
818 3664 880 3726 320,
897 3666 949 3727 243
968 3663 1013 3729 tv,
1032 3682 1058 3734 p.
1073 3666 1125 3720 873
1142 3664 1169 3716 ln
1184 3650 1301 3714 Alcibiade

256 3723 448 3848 biieerhbfim
468 3744 501 3782 ex
517 3729 619 3783 lteiskii
642 3729 805 3796 coniectura,
829 3748 904 3803 quam
922 3735 1041 3803 Corayus
1065 3750 1111 3788 sus
1135 3728 1229 3786 iudicio
1251 3736 1300 3792 prr·

206 3894 247 3960 ¹⁸)
266 3896 388 3951 Aelianus
404 3897 461 3952 VV-
479 3900 540 3955 llll.
552 3900 588 3965 ll,
606 3904 634 3965 7,
650 3899 694 3971 qui
713 3900 801 3955 nescio
819 3920 892 3972 quern
910 3909 1040 3957 auctorem
1057 3911 1178 3969 secutus,
1196 3915 1240 3973 prt
1253 3892 1299 3946 El·

255 3966 343 4085 rrpide
360 3986 422 4031 sua,
441 3969 593 4040 philosopha
611 3972 715 4023 scenico
733 3980 823 4024 contra
838 3973 1008 4026 Athenienses
1024 3980 1133 4045 pugnat,
1152 3985 1242 4039 eosque
1257 3974 1298 4014 aar

173 4065 177 4070 ¹
255 4050 430 4158 liceatne„
447 4107 619 4163 amana
634 4108 670 4174 n,
688 4112 732 4165 ra.

205 4203 507 4332 ¹⁵)ffi5ffi·
541 4210 665 4267 Mdssffl
689 4212 726 4278 Q·
742 4213 786 4267 θα
805 4212 832 4280 l,
857 4230 884 4285 p.
906 4210 948 4270 tt.
982 4212 1068 4267 Meier
1083 4212 1111 4268 ln
1129 4194 1294 4285 Ephemeridd·

291 4053 338 4087 aas
356 4036 452 4091 iniuste
470 4048 583 4105 tractat,
610 4056 687 4110 quam
705 4048 783 4097 autea
799 4040 1011 4115 Aristophanem,
1036 4061 1111 4115 quum
1136 4060 1182 4115 pro
1204 4036 1298 4089 sperate
