2784 4959
244 411 321 486 DE
345 405 803 488 ARISTOPHANIS
828 409 983 508 VITA,
1030 436 1186 486 ccccxxv
1210 417 1213 426 '

57 605 124 666 tium
145 601 217 684 quie
239 601 357 664 omem
379 599 522 683 ttioeyde
543 617 614 660 vere
636 597 844 677 celebrentm,
868 599 912 660 ite
930 597 1017 680 loqui
1038 608 1069 660 et
1089 593 1183 681 cipue·

57 701 202 787 pieguioe
231 704 328 766 Demo
361 703 434 766 dere
460 703 519 764 niei
547 701 670 764 Leneeie
695 721 758 762 noo
786 710 915 782 poteret.
960 701 1053 762 Addit
1081 712 1180 763 eutem

58 807 226 868 rehotieetee
247 801 506 892 „eeepueeppepei
529 803 636 871 tte-n
655 799 714 888 peip
734 797 821 891 αἰνῷ
840 792 1044 885 pionem>
1076 803 1179 878 Quere

58 929 139 988 quem
158 907 221 970 hoc
242 909 286 972 ed
306 929 378 984 rem,
400 927 488 990 quem
504 906 712 968 demonetmro
732 909 886 988 eopimue,
910 906 1056 966 eutliciet:
1077 906 1178 988 pluro,

58 1031 126 1090 quee
143 1011 270 1090 inrum,
297 1012 441 1092 temporie
460 1009 573 1070 indicio
594 1013 832 1090 praetermittere
852 1010 948 1070 eetiue
969 1009 1060 1069 duco.

129 1113 245 1174 Deinde
267 1115 358 1192 enni,
386 1133 448 1194 que
470 1111 571 1174 tabule
592 1113 681 1172 docte
703 1113 764 1190 eit,
793 1131 856 1174 nou
875 1111 975 1172 minue
997 1120 1077 1172 certe
1098 1108 1177 1170 iudi-

59 1213 97 1273 cie
123 1217 332 1296 npmiuntur.
382 1214 521 1289 Quorum
557 1215 641 1295 quod
675 1215 807 1296 primum
842 1223 907 1293 eet,
947 1213 1104 1294 euperiore
1138 1212 1177 1272 de

62 1313 289 1378 tehemeueibue
322 1317 575 1379 commentetioue
611 1317 670 1378 iem
699 1317 861 1394 ettigimue.
912 1315 1062 1391 Quoniem
1097 1315 1177 1374 enim

60 1417 171 1494 primm
190 1417 424 1480 Athenieoeium
455 1420 487 1480 in
514 1419 621 1482 urbem
648 1419 873 1498 migrationem,
902 1427 938 1478 ut
958 1438 976 1478 e
996 1415 1176 1496 Thucydide

61 1516 210 1598 docuimue,
229 1521 381 1582 ereboete
402 1521 578 1602 Pythodoro
600 1531 740 1600 coeptum
759 1530 790 1582 et
811 1540 905 1602 poene
927 1519 1092 1600 perfortem
1110 1537 1175 1578 eeee

62 1622 169 1686 edon:
197 1633 345 1686 octevum
366 1623 423 1684 iem
447 1643 558 1686 cneum
579 1625 697 1707 plebem
715 1623 837 1684 Cteouie
860 1622 952 1704 culpe
978 1621 1010 1682 ic
1031 1621 1121 1682 doiiie
1144 1629 1175 1681 et

63 1723 197 1788 turricelie
223 1725 386 1788 hebiteree
417 1726 566 1788 Stretocle
588 1728 685 1787 eotum
707 1725 852 1786 erchonte
872 1726 935 1786 dici
954 1733 1085 1806 poteret.
1116 1721 1174 1783 Ac.

62 1826 143 1899 cedit,
170 1829 253 1908 quod
284 1847 486 1908 quaecunque
515 1830 547 1889 in
575 1830 675 1888 sebuie
705 1837 980 1904 commemorentur
1007 1825 1080 1887 dicti
1102 1827 1172 1886 unni

63 1925 166 1990 benene
183 1932 327 2012 proxime
348 1939 580 1992 euteceeeerunt.
623 1931 697 1992 indo
718 1933 797 1992 enim
820 1932 949 2012 primum
963 1932 1110 2011 requitur,
1132 1929 1170 1991 ed

63 2027 160 2106 peioree
184 2053 281 2094 eeuue
312 2051 379 2094 eum
410 2033 517 2096 ru'erri
546 2053 606 2094 non
635 2053 733 2115 poree.
784 2033 830 2093 Ac
858 2053 898 2095 ne
931 2033 970 2092 ed
1003 2032 1171 2114 posteriore

65 2131 165 2207 quidem
185 2143 326 2218 tempure
348 2135 437 2196 nobie
458 2135 538 2198 ubire
560 2146 591 2198 et
610 2137 753 2198 recedere
774 2135 896 2214 licebit,
923 2135 994 2215 quie
1016 2135 1169 2195 comoedi·

64 2233 225 2314 Atticorum,
260 2257 342 2320 quee
370 2245 486 2300 remote
515 2247 586 2298 eunt
612 2257 630 2298 e
656 2237 843 2318 preeeentie,
881 2239 945 2297 eine
969 2236 1170 2315 eingutem'bue

66 2337 157 2397 onon
175 2359 236 2400 oon
257 2342 368 2422 tangit,
389 2343 443 2404 eed
465 2361 514 2403 ree
536 2340 709 2422 nuperrime
730 2349 829 2420 geetee
848 2356 967 2419 eemper
984 2338 1168 2419 peretriogit.
1232 2352 1235 2360 ’

65 2433 111 2498 Sed
128 2459 158 2500 ee
178 2461 289 2504 eeueee
311 2445 416 2526 peuiio
437 2427 567 2524 longiori
590 2450 655 2521 eget
679 2443 825 2503 cretione.

130 2541 227 2606 totu
256 2555 341 2624 erut,
370 2567 429 2628 que
459 2547 497 2607 eb
525 2543 713 2626 Euthymene
742 2543 783 2604 ed
811 2543 990 2604 Stratociem
1016 2537 1170 2601 erchontie

66 2645 178 2722 epongmi
205 2647 372 2730 imperium
401 2649 563 2726 tremitur,
598 2659 628 2710 et
650 2648 799 2708 tremente
820 2645 955 2706 nondum
976 2655 1093 2706 metum
1108 2643 1166 2722 ⁸⁰),

66 2761 137 2820 quum
162 2749 361 2812 Athenionem
391 2749 580 2812 tiemoetheoi
617 2749 809 2825 manderent,
846 2767 938 2809 neree
970 2747 1004 2807 in
1036 2745 1167 2806 Siciliem

66 2845 146 2908 miteee
170 2853 331 2930 content,
362 2851 459 2934 iieque
486 2853 510 2914 ei
538 2873 597 2934 que
625 2853 746 2914 occeeio
759 2851 950 2926 ormino,
979 2849 1060 2910 circe
1080 2848 1170 2908 Peio-

68 2963 205 3022 pouneeum
233 2955 293 3016 uti.
349 2953 379 3014 Ie
409 2953 683 3016 contradicentibus
716 2954 845 3015 ducibui
873 2953 963 3016 cteeei
988 2951 1167 3034 preepoeitie

69 3045 218 3133 inpeditur,
237 3057 297 3120 eed
318 3057 441 3118 ediutue
462 3065 638 3138 tempeetete
659 3065 784 3133 exorte,
805 3055 994 3134 militumque
1012 3053 1076 3113 loci
1096 3073 1166 3112 mu-

70 3149 147 3214 niendi
166 3159 331 3240 cupiditate
358 3168 445 3236 netu,
473 3157 599 3239 Pylum,
630 3157 847 3238 quadringente
876 3156 997 3216 circiter
1023 3153 1121 3215 etedio
1146 3172 1166 3211 e

73 3249 152 3327 Spem
168 3271 324 3338 remotem,
348 3261 429 3340 cepit
450 3269 480 3322 et
500 3261 678 3341 occeperit,
699 3278 823 3338 eumque
843 3279 908 3320 rem
927 3258 1008 3317 intre
1028 3275 1082 3316 rex
1100 3252 1165 3316 diee

73 3355 181 3424 coniecit.
224 3367 297 3440 Quo
320 3363 417 3439 fecto,
447 3361 674 3422 Lecedeemonii
702 3379 764 3420 nou
790 3360 889 3420 eolum
911 3357 1036 3438 Agidem
1063 3375 1164 3436 regem

72 3459 196 3524 extima
217 3475 300 3528 terre
322 3473 521 3541 revocetunt,
544 3463 600 3525 eed
620 3463 712 3524 etiem
728 3461 845 3524 nuutiie
865 3458 1079 3522 circummieeie
1100 3467 1163 3517 tote

73 3573 100 3616 tx
118 3561 316 3650 Pdoponnceo
345 3567 457 3630 auxilie
479 3565 676 3644 erceuirere,
707 3573 744 3628 ut
763 3563 847 3627 omui
869 3561 960 3624 modo
982 3563 1084 3624 locum
1104 3557 1163 3620 eibi
1274 3605 1282 3626 Ι

73 3681 251 3708 ““”··----

84 3741 169 3810 ''iitr
184 3751 297 3808 debituri
317 3754 417 3824 potent,
434 3751 496 3823 quin
511 3751 727 3822 erupereypeepei
742 3751 788 3806 illo
801 3750 855 3804 rint
870 3754 948 3804 neue
963 3753 1095 3815 tempore,
1111 3759 1163 3828 que

122 3816 216 3898 primum
232 3823 335 3876 iebuiee
352 3821 431 3875 ecribi
448 3819 611 3891 ecripteequo
628 3821 730 3889 rotgeri
747 3826 896 3890 coeperunt.
933 3817 989 3870 Hoc
1006 3823 1065 3868 eunt
1081 3830 1162 3868 mero·

122 3898 153 3938 ¹¹⁸
171 3891 296 3944 moene.
337 3891 428 3956 Quere
450 3907 527 3960 quum
547 3891 662 3960 tpeoeuee
685 3898 802 3943 veterum
824 3887 899 3942 nobie
921 3885 1096 3941 edditemeute
1119 3898 1162 3934 re-

122 3965 290 4024 pauentem,
308 3965 336 4012 et
351 3959 477 4014 inmerito
494 3957 521 4012 iu
537 3959 689 4013 echotioeum
706 3956 852 4026 congeriem
869 3964 1008 4025 recepteee
1034 3950 1164 4007 recentio-

123 4035 170 4100 fun
185 4027 311 4082 editorum
329 4027 440 4082 osticium
459 4046 517 4082 eree
534 4029 627 4091 credo,
658 4043 704 4084 eee
727 4027 785 4078 toco
809 4042 855 4077 euo
872 4041 936 4078 vero
953 4021 1109 4086 rectituere,
1132 4024 1163 4074 ut

125 4103 196 4156 rpem
218 4097 361 4156 saboim
384 4097 519 4154 lectionem
543 4096 674 4150 ediuvent.
714 4095 735 4148 1.
759 4095 792 4147 u.
815 4092 938 4156 Voeeiue,
964 4109 1041 4161 quum
1064 4091 1091 4142 in
1115 4105 1162 4160 pe·

123 4157 189 4273 pta.
205 4179 344 4286 mdod'iilm
360 4165 500 4221 memietu
516 4165 607 4220 ederet
629 4164 810 4236 triumphent·
826 4162 988 4226 mmoediee,
1007 4155 1164 4229 &erupuit

133 4241 173 4279 tte
187 4247 261 4286 tuoe
325 4235 355 4286 it.

86 4285 243 4370 “treme
259 4303 305 4368 ιν,
323 4305 432 4376 euqq.
