2784 4959
213 420 343 474 ouxurr
549 394 1000 477 COMMENTA't'to

211 598 243 652 st
260 587 294 650 ie
307 587 373 650 'hue
392 585 533 650 murinis

460 703 494 771 sb
513 700 546 770 δ’
567 703 618 772 tsi
638 713 794 789 σεμνοῖσιν
814 703 930 791 λόγοισι

460 808 515 874 sol
535 815 772 892 οπαραφιομοῖον
791 803 894 893 λήρων

459 907 620 996 διατριβὴν
640 905 738 994 (ἔργον
757 919 930 990 πονεῖσθαι,

501 1017 775 1097 παραφρονοῦντος
794 1007 926 1098 οἷνδρός·

107 1121 110 1130 λ
211 1132 320 1213 quibus
342 1133 561 1214 garrulitatem,
582 1134 797 1214 grandiloquos
817 1154 968 1195 sermones
990 1143 1021 1196 et
1042 1133 1218 1215 quisquilias
1238 1151 1318 1212 nugs·
1356 1128 1357 1137 ’

210 1255 280 1294 rum
307 1237 464 1320 utriusque
489 1236 671 1318 Aeschylsss
700 1235 878 1316 prudentiae
910 1238 1045 1315 couiert,
1082 1237 1317 1314 irreuuieuternque

210 1335 383 1418 Euripidem
397 1339 580 1422 Aeschylum
604 1341 770 1422 sapientem
788 1340 921 1402 vocarit.
964 1339 999 1399 ln
1019 1338 1068 1400 bis
1089 1359 1212 1420 quoque
1231 1349 1317 1420 uptun

211 1436 361 1504 scholium
390 1445 589 1506 consedimus:
628 1439 854 1523 „oseprpeslesr
888 1437 946 1525 ysip
979 1439 1015 1506 od
1048 1438 1122 1517 του“ς
1160 1434 1319 1524 ζωγράφους

210 1537 411 1609 «inmederi
437 1551 558 1630 πρῶτον
586 1542 659 1621 τούς
689 1543 902 1628 γραφομένους
933 1542 993 1606 τινὶ.
1014 1541 1257 1626 οταρτφήοεοθττ
1279 1541 1317 1606 lsi

210 1648 267 1707 sori
281 1645 521 1728 ἒατοτουρμένονς
533 1671 565 1712 ss
585 1653 685 1714 uossis
706 1647 759 1710 sul
773 1641 816 1727 psi
836 1641 913 1709 uersi
933 1643 992 1727 niv
1012 1639 1229 1728 προσήκουσαν
1248 1639 1318 1722 dast-

209 1747 296 1828 βινιν
318 1755 529 1832 σκιαγραφτῖν·
561 1749 621 1814 slol
646 1746 681 1814 dl
705 1747 760 1812 sol
788 1749 821 1813 οἱ
839 1743 1003 1828 φιλόσοφοι
1021 1742 1109 1830 λόγον
1128 1744 1231 1833 ὅπερ
1251 1747 1318 1812 ossei

209 1845 263 1914 ssi
282 1849 444 1934 αἰνίγματα
464 1849 516 1917 dssi
535 1849 569 1918 s'o'
585 1845 716 1936 ἆεροῖδτς
739 1845 842 1914 odeas
860 1849 914 1916 sol
934 1843 1080 1915 semtv.“

292 1985 378 2062 Ques
399 1989 497 2049 omnis
519 1989 545 2048 si
566 1987 790 2069 componimus,
819 1985 1007 2048 immundum
1029 1989 1170 2068 eorporis
1190 1987 1316 2059 habitum,

207 2087 307 2148 studio
330 2089 445 2150 civitsti
463 2091 600 2166 inutilis,
629 2109 707 2172 quse
734 2087 886 2154 hominem
914 2099 1057 2151 esses-vent
1078 2098 1109 2149 et
1129 2090 1196 2150 dies
1216 2100 1317 2150 noctu·

207 2199 268 2270 qtte'
288 2191 320 2252 in
340 2189 431 2252 domo
453 2191 620 2254 detinentes
642 2194 679 2253 ab
692 2192 855 2254 ufiliuimis
868 2192 994 2271 negotiis
1012 2191 1211 2272 prohibeant,
1231 2209 1315 2270 garro-

207 2293 337 2372 litatem,
360 2315 449 2358 verue
470 2295 648 2376 prudentiae
667 2283 819 2375 inopiam,
842 2293 961 2372 slisque
981 2294 1099 2353 Socrsti
1121 2295 1316 2375 exprobrent,

208 2397 385 2476 quibuscum
408 2416 485 2478 ques
503 2395 535 2458 iu
558 2397 693 2461 Nubibus
714 2397 877 2474 dicuntur,
900 2397 1066 2457 artimino
1086 2395 1257 2458 cobserent.

289 2535 379 2596 Nulla
408 2543 509 2596 tamen
539 2535 598 2595 alia
624 2533 771 2595 sententie
799 2533 954 2594 lsrsbntur
978 2533 1032 2593 ille
1054 2541 1152 2594 aetste
1171 2531 1316 2594 Athenien·

205 2633 284 2695 sium
312 2635 485 2698 multitudo.
535 2637 610 2698 Nem
632 2637 764 2718 primum
785 2637 817 2696 iu
837 2635 971 2721 Platonis
991 2635 1155 2717 Apologis‚
1188 2655 1247 2716 qua
1265 2641 1317 2694 tots

203 2739 355 2818 soousstio
384 2738 508 2819 eiusque
537 2757 659 2800 esussss
687 2749 900 2821 exponuntur,
930 2739 1070 2800 Socrstes
1091 2747 1198 2818 speres
1219 2737 1312 2798 Aristo.

205 2837 333 2922 phanum
363 2839 498 2900 nominat
528 2861 588 2900 non
614 2852 650 2901 ut
679 2843 794 2904 fontem
819 2841 884 2902 sius
911 2839 1136 2920 originemque,
1164 2843 1219 2902 ssd
1241 2848 1272 2902 ut
1287 2858 1316 2898 es

204 2941 310 3004 iisdssu
330 2943 365 3002 in
383 2961 415 3002 se
437 2943 579 3006 oonieetis
594 2942 852 3004 criminationibus
864 2952 1009 3020 exortam,
1029 2943 1142 3024 quibus
1163 2966 1181 3003 s
1198 2945 1315 3006 multitu-

204 3043 275 3106 diue
294 3045 442 3107 leoerstus
463 3047 517 3125 sit,
544 3056 574 3108 et
594 3047 759 3110 testimonii
786 3067 908 3124 rsusss,
935 3066 975 3106 ex
997 3065 1056 3126 quo
1079 3066 1205 3107 suorum
1225 3046 1316 3111 verbo·

205 3167 273 3210 rum
294 3149 452 3210 veritatem
474 3158 663 3228 cognoscent
708 3148 822 3210 Deinde
848 3149 954 3238 iisdem
981 3147 1089 3210 diebus
1118 3150 1199 3212 idem
1220 3154 1265 3212 vir
1281 3156 1314 3208 est

205 3250 243 3310 sb
265 3249 398 3332 Amipsia
427 3251 460 3310 iu
480 3246 701 3334 Sophistsrum'
719 3249 814 3310 eboro
840 3250 1010 3332 productus
1032 3262 1062 3312 et
1088 3273 1105 3312 a
1128 3255 1266 3330 Cratino,
1289 3261 1315 3308 ut

144 3383 149 3394 ·
204 3345 353 3432 suspicor,
380 3351 495 3418 irrisus.
540 3354 678 3432 Quorum
700 3355 851 3434 posterior
871 3355 930 3415 nisi
959 3355 1035 3415 islso
1063 3345 1228 3433 auguratur
1253 3373 1312 3424 sun,

204 3473 272 3516 euru
293 3475 460 3536 psuperem
482 3453 663 3536 nominarit,
692 3465 723 3516 et
743 3455 834 3516 simul
855 3477 924 3518 cum
944 3457 1053 3534 cellis,
1075 3453 1240 3538 Hipponiei
1256 3454 1310 3526 lilio,

204 3566 257 3618 sut
277 3557 310 3618 iu
330 3577 449 3619 soeusm
470 3558 594 3639 prodire
615 3558 718 3634 iussit,
752 3567 804 3620 aut
824 3569 908 3621 certe
929 3557 1124 3639 reprehendit
1131 3579 1140 3636 3
1172 3561 1259 3642 prior
1273 3575 1313 3615 ru·

204 3665 265 3718 tem
287 3679 347 3719 uon
369 3679 530 3742 psupereus
553 3661 665 3736 solum,
694 3659 748 3722 sed
769 3661 859 3721 etiem
879 3662 1049 3721 lemelioum
1075 3659 1312 3742 philosophorum

204 3759 297 3840 pallio
319 3759 458 3822 indutum
479 3761 711 3824 Atheniensibus
732 3763 883 3837 ostendit,
912 3783 1010 3842 neque
1032 3763 1150 3824 veritus
1172 3775 1233 3840 est,
1252 3780 1313 3834 eum,

205 3871 239 3922 ut
260 3861 490 3944 Aristophanes,
519 3857 641 3947 rivdpoiv
662 3863 815 3946 βέλτιστον
835 3875 867 3925 st
889 3857 1090 3946 ματαιότατον
1111 3867 1201 3926 simul
1222 3860 1314 3947 sppel-

204 3963 278 4027 lars.
321 3967 396 4026 Tum
418 3970 573 4028 Socratem
594 3967 640 4026 ub.
655 3968 744 4030 initio
756 3966 931 4048 philosophi
943 3987 1053 4030 nomeu
1073 3966 1133 4028 sibi
1155 3967 1314 4049 imposuisse

204 4076 236 4128 st
264 4066 324 4128 hoo
354 4068 446 4129 modo
478 4089 511 4130 es
543 4073 660 4148 omnis,
704 4089 781 4148 quse
811 4065 998 4149 philosophis
1028 4067 1110 4148 apud
1138 4069 1313 4130 Athenienses

205 4171 296 4232 obiici
325 4171 474 4247 solsbsnt,
504 4171 536 4231 in
565 4189 598 4231 ss
629 4171 774 4244 vertisse,
815 4168 972 4250 probabile
998 4179 1055 4230 sst.
1106 4171 1239 4251 Denique
1264 4184 1313 4227 nou

205 4272 333 4334 obscure
358 4272 438 4334 idem
465 4273 531 4354 ipse
553 4279 645 4356 potita
664 4272 828 4353 significet,
856 4273 911 4353 qui
930 4273 1063 4337 Socratis
1083 4274 1210 4352 tsmsm,
1236 4285 1312 4352 qum
