2784 4959
203 358 362 479 οιιιιιι
456 392 461 406 ’
544 390 993 474 ΟΟΜΜΕΝΤΑΤΙΟ
1039 396 1053 521 “’

94 624 100 639 ·
201 592 343 656 derceiiis
362 588 501 671 quaestio
522 589 657 649 omnium
677 582 862 649 difficillimis
883 572 1121 647 adoummude.
1154 582 1238 647 Nem
1261 586 1339 667 q'uod

202 698 258 759 diu
277 703 346 755 aute
368 702 502 753 nostram
528 701 657 752 aetatem
684 688 880 750 Gareubooue
906 698 1055 762 senserat,
1080 676 1215 747 uullam'
1236 674 1338 749 vo'oeua

202 818 267 861 esee
286 794 382 874 magis
395 814 455 855 usu
476 798 587 871 tritam,
608 792 720 853 nuttam
742 790 841 853 minua
862 808 952 869 saepo
972 798 1056 849 recta
1075 789 1277 851 intellectam
1286 790 1338 869 00);

202 902 235 963 id
256 922 316 963 non
339 898 393 957 diu
413 896 490 973 suit,
512 916 574 975 quo
595 904 698 957 nostre
723 912 844 973 quoque
866 901 964 951 aetate
986 892 1046 951 dici
1069 902 1191 971 posset.
1241 894 1337 972 Neque

119 1010 128 1023 '
202 981 370 1067 mim
388 1000 530 1079 cuiquam
554 999 724 1070 ridebitur,
756 994 827 1081 quia
848 993 880 1053 io
903 992 962 1053 beo
990 1002 1073 1053 tante
1102 994 1337 1075 utilipeimorum

199 1093 351 1169 'librorum
373 1112 473 1180 straga
494 1103 547 1161 vix
569 1122 666 1183 pauca
688 1096 812 1175 vestigia
833 1090 1074 1175 conspiciuntur,
1095 1096 1252 1176 equibus
1273 1117 1336 1157 ooo·

204 1207 343 1272 iactando
364 1213 459 1264 totam
480 1203 525 1262 rei
545 1204 690 1263 rationem
720 1199 840 1279 assequi
867 1199 969 1266 liceat.
1015 1199 1123 1278 itaque
1145 1220 1214 1260 non
1235 1200 1336 1259 inutiis

204 1332 269 1375 erse
291 1305 414 1391 putavi,
436 1305 552 1385 siquis
573 1315 644 1386 poet
665 1302 873 1362 Cambonum
895 1299 1145 1381 boeokbiumque
1170 1302 1335 1381 eusoiperet

206 1418 270 1475 eius
290 1414 336 1472 rei
359 1418 531 1484 accuratum
554 1408 808 1487 disquisitionem
839 1404 865 1463 si
893 1403 983 1463 moda
1012 1403 1152 1465 oratione
1178 1406 1270 1483 digne
1296 1402 1335 1461 as·

205 1518 307 1579 terret.
352 1513 445 1591 dgem
466 1508 574 1597 igitur,
595 1510 621 1569 ei
642 1509 757 1585 minue,
780 1516 815 1567 ut
838 1504 909 1567 volo
924 1514 1083 1585 optoque,
1104 1518 1192 1568 certe
1216 1516 1252 1567 ut
1272 1526 1331 1587 poe*

204 1638 281 1681 eum.

289 1758 486 1835 Posteaquam
508 1749 546 1811 de
567 1750 802 1811 didascaliorum
824 1760 931 1811 uatum
955 1750 991 1809 ab
1012 1750 1063 1827 iis,
1097 1752 1154 1830 qui
1187 1751 1332 1814 auditione

205 1868 236 1920 et
257 1858 336 1919 sama
358 1853 474 1937 aliquid
495 1855 659 1934 accepisse,
681 1874 832 1933 veraeque
857 1852 1014 1914 doctrinae
1037 1864 1186 1933 expertes
1208 1877 1272 1915 esse
1293 1854 1330 1911 vi-

198 1958 363 2034 debantur,
383 1958 586 2025 multeerent
610 1966 720 2016 temera
743 1966 773 2014 et
794 1956 1014 2016 inconsiderate
1035 1958 1170 2034 iactata,
1217 1964 1332 2015 exortus

205 2068 251 2120 eet
275 2058 431 2138 vir'ionge
453 2058 676 2123 eruditissimus
708 2058 953 2138 Graecorumque
983 2060 1156 2119 litterarum
1194 2053 1331 2139 peritissi-

205 2182 287 2235 mus,
318 2160 528 2240 casaubonus,
559 2160 613 2241 qui
641 2161 714 2241 quid
737 2160 775 2220 da
803 2158 851 2220 bis
880 2162 1074 2221 statuendum
1098 2162 1161 2237 sit,
1195 2162 1284 2221 docte
1306 2162 1331 2214 et

205 2260 362 2342 diiigenter
383 2266 549 2347 explicaret
563 2262 616 2341 ⁹¹).
639 2264 677 2323 ut
697 2264 833 2345 profecto
857 2264 899 2323 nil
925 2264 981 2323 nisi
1006 2264 1154 2323 eximium
1169 2242 1172 2251 Ι
1186 2257 1328 2345 proticisci

203 2373 323 2445 poterat
336 2385 353 2425 e
368 2366 425 2427 riri
442 2369 515 2428 tanti
531 2368 706 2447 scriptione.
737 2366 918 2427 Incredibile
937 2369 1027 2446 igitur·
1043 2378 1089 2426 est
1103 2367 1203 2443 dictu,
1226 2370 1329 2444 quanto

204 2468 306 2529 studio
329 2470 465 2530 certatim
488 2490 606 2545 omnes,
637 2468 689 2549 qui
713 2478 783 2548 post
806 2468 1013 2529 casaubonum
1037 2472 1248 2549 quaestionem
1269 2460 1328 2523 teti-

203 2580 329 2651 gerunt,
359 2569 392 2629 in
419 2570 484 2631 eiua
506 2570 661 2631 doctrinae
689 2570 777 2650 copia
808 2572 1049 2651 acquiescentes,
1078 2592 1113 2633 ra
1138 2592 1201 2631 uon
1228 2570 1327 2628 iterum

202 2671 352 2753 pensiteta
373 2669 437 2730 eius
459 2672 740 2733 commentationem
761 2672 794 2730 in
818 2682 920 2755 parter
948 2674 1139 2739 vocaverint.
1186 2672 1212 2735 A
1238 2670 1327 2729 Mene·

203 2770 304 2853 εἷθ’)
318 2771 396 2832 enim
407 2792 502 2854 usqua
518 2772 557 2832 ed
569 2774 789 2833 recentissimos
803 2772 910 2837 irarum
926 2797 1024 2836 uerum
1038 2768 1326 2859 perscrutatorea⁹³)

204 2895 308 2934 omnes
332 2875 497 2934 Caeauboni
520 2894 628 2935 nomen
651 2883 786 2954 repetere
804 2886 1036 2940 consueverunt.
1080 2880 1121 2939 At
1145 2888 1262 2940 tontum
1282 2872 1326 2931 ab·

204 2986 267 3054 est,
298 2982 334 3036 ut
353 2997 418 3038 rem
448 2977 500 3037 ille
524 2986 618 3037 totam
646 2978 827 3054 confecerit,
858 2987 893 3040 ut
915 2980 953 3041 do
977 2981 1069 3043 rebus
1091 2980 1277 3063 gravissimis
1296 2992 1327 3033 ue

241 3234 283 3303 ⁹⁰)
299 3234 342 3289 Ad
358 3232 453 3289 Atbeo.
471 3232 518 3297 VI,
534 3250 562 3305 p.
578 3235 641 3299 235.
657 3253 682 3291 e·
701 3234 761 3304 VII,
779 3254 806 3309 p.
824 3238 887 3295 260.
922 3278 927 3285 -

237 3336 276 3403 '¹)
292 3336 311 3395 i.
328 3336 347 3390 t.
364 3352 391 3408 p.
408 3337 571 3393 ete-262.

235 3437 276 3508 ”i
293 3438 400 3522 HQ·
417 3438 452 3494 *ἃ
468 3440 546 3510 ⁰¹⁰8·
565 3441 653 3525 ¹3⁸!ss
671 3442 705 3525 Y·
721 3443 747 3509 S·
763 3446 808 3503 26.
826 3461 853 3516 p.
871 3446 946 3512 196..
970 3444 1015 3517 qui
1031 3444 1055 3499 ai
1072 3444 1145 3503 diota
1162 3447 1269 3502 eliorum
1285 3453 1321 3491 re·

287 3516 375 3630 iridi,
392 3510 462 3579 quod
474 3512 624 3583 eeepiasrme
639 3512 719 3579 facite
736 3530 751 3565 ι
769 3530 820 3585 quo
838 3514 995 3586 profecerit,
1018 3524 1111 3587 aperte
1128 3532 1232 3586 semper
1249 3504 1320 3583 profi-

208 3678 271 3747 Ἢ)
288 3678 328 3732 Ut
344 3678 479 3733 nouauitoe
496 3696 701 3748 commemorem,
734 3682 777 3737 adi
804 3682 951 3741 Fabricium
975 3686 1043 3741 Bibt.
1061 3686 1104 3753 11,
1124 3704 1151 3758 p.
1170 3686 1230 3740 2⁸8.
1255 3672 1319 3733 ssed.

288 3748 335 3802 ur.
356 3758 386 3802 Α.
404 3750 526 3804 wotfioa
547 3750 669 3819 Protegu.
694 3752 729 3806 ad
754 3754 828 3807 Hom.
854 3772 880 3825 p.
900 3760 960 3811 103.
987 3758 1145 3811 boeakbiom
1164 3754 1199 3809 de
1218 3747 1318 3823 princip

287 3834 314 3888 p.
331 3820 392 3873 288.
411 3820 523 3872 Roeckb
541 3818 575 3871 da
594 3820 702 3890 Dionys.
720 3840 745 3892 p.
763 3825 806 3877 96.
826 3824 998 3879 Hermeunuru
1015 3828 1049 3879 de
1067 3828 1145 3880 Rhea.
1161 3826 1261 3893 Opuea.
1278 3810 1319 3871 lib

284 3904 311 3957 p.
345 3890 398 3943 26³
415 3906 461 3958 seq
483 3926 489 3939 .
527 3887 725 3973 Nullueueuteu
744 3892 826 3945 maius
850 3894 924 3947 buius
949 3894 988 3971 rei
1012 3896 1184 3949 testimonium
1202 3884 1319 3961 repetitu

302 3956 1319 4098 ⁰⁸·.tt¹.t⁶..ttdtttztfflttttt‘tttt'..t.{⁶⁸..tt¹‘¹.;.tt⁸.“¹tt

284 4095 389 4149 eddidit
411 4112 495 4163 oeque
512 4103 542 4148 ut
558 4097 673 4150 additum
691 4098 725 4150 ab
750 4100 808 4153 eliis
825 4103 1047 4166 commemoravit,
1072 4104 1118 4155 sad
1136 4098 1272 4155 Wotfium.
1295 4094 1319 4140 ti

265 4198 269 4207 ·
287 4162 601 4233 ..austremonium
621 4164 808 4239 ingenioseque
825 4184 901 4239 quem
918 4170 1035 4225 breviter
1052 4168 1194 4241 posuerit‘*
1220 4164 1245 4217 iu
1262 4172 1317 4229 per·

281 4243 323 4286 tes
339 4232 458 4297 vocavit,
482 4232 527 4317 qui
551 4232 653 4303 quidem
669 4236 735 4289 sibit
750 4237 813 4291 novi
837 4239 960 4307 protulit,
984 4240 1031 4295 sed
1047 4240 1117 4311 quod
1134 4244 1196 4309 poet
1212 4224 1316 4287 cumb·

280 4317 354 4355 oeuo
372 4318 427 4355 eam
443 4318 499 4355 rem
515 4302 648 4371 mdegarit
664 4312 771 4375 quartos
788 4316 837 4359 eet.
1195 4306 1198 4316 '
