2784 4959
246 433 321 509 ns
345 416 798 513 aals‘rornanrs
823 434 979 513 vrrs.
1118 470 1164 537 «η

73 640 109 680 res
128 640 179 681 esse
205 622 430 685 recentionhus
458 644 551 705 quum
584 644 688 686 omnes
717 626 890 703 crederent,
921 628 1162 708 inventionisque

76 722 173 783 miletis
193 727 368 787 evanuisset
385 727 583 807 hominesque
604 736 704 789 essem
732 730 882 791 doctiores
908 750 995 809 quam
1019 730 1163 809 ingenio-

79 821 258 887 nomenatus
283 840 334 889 ast
357 840 496 891 veterum
517 830 705 909 scriptorum·
726 832 941 893 imitandorum
961 852 1045 892 amor
1072 833 1164 893 vehe-

81 927 244 994 utct'usimus.
275 914 371 992 luter
383 952 486 993 omnes
499 934 551 1012 qui
566 931 614 992 his
634 933 741 994 studiis
756 935 850 997 dediti
859 915 1060 995 'Atmsndrini
1076 952 1163 995 coma

79 1039 254 1106 moremur,
276 1053 474 1113 amoremque
496 1035 580 1096 hunc
605 1056 712 1116 angere
739 1046 770 1097 et
792 1035 863 1116 quid
885 1035 917 1095 in
940 1054 1060 1117 quoque
1081 1037 1163 1097 scri-

74 1136 135 1205 ptore
155 1130 351 1214 imitandum,
398 1138 474 1217 qnid
502 1140 677 1217 fugiendum
707 1138 749 1199 sit
781 1137 935 1199 ostendere
962 1149 1161 1218 susceperunt,

72 1230 164 1306 gloriam
181 1257 331 1298 summam
361 1239 419 1299 sihi
441 1242 616 1301 conciliasse
635 1241 780 1301 videntur
805 1239 1020 1321 Aristophanes
1040 1252 1070 1301 et
1090 1242 1162 1301 Λή·
1218 1286 1221 1293 -

72 1332 188 1412 starchns,
215 1340 436 1422 Aristophanis
457 1342 624 1424 discipulus
640 1354 670 1404 et
690 1342 818 1405 auditor.
861 1342 998 1417 Quorum
1024 1342 1161 1405 instituta
1182 1374 1189 1393 ·

73 1443 96 1488 ut
111 1433 308 1521 intelligamus,
330 1464 398 1503 nou
412 1464 505 1531 unum
527 1456 570 1505 eet
588 1457 619 1506 et
638 1448 766 1506 alterum
787 1443 1021 1525 adspiciendum,
1044 1446 1096 1505 sed
1118 1446 1163 1506 si-

72 1535 116 1591 tul
131 1546 359 1625 contemplanda
377 1556 449 1605 suut
469 1558 585 1611 cuncta.
627 1544 844 1626 Aristophanes
867 1544 958 1623 igitur
979 1566 1071 1626 quum
1086 1568 1163 1627 quae

76 1637 163 1709 genum
180 1653 210 1703 ct
229 1649 340 1728 apuria
363 1648 398 1707 iu
422 1660 557 1715 veterum
580 1650 765 1730 scriptorum
785 1647 870 1707 libris
895 1658 992 1707 essent
1016 1649 1160 1729 disquire·

74 1747 116 1815 sti,
142 1758 277 1809 accentus
304 1759 340 1809 et
365 1750 639 1831 interpunctionem
668 1751 831 1823 inveniret,
862 1749 1056 1831 pluriumque
1084 1736 1183 1812 ecriss'·
1297 1780 1302 1790 ·

72 1846 161 1913 ptomn
179 1860 315 1911 veterum
336 1850 433 1911 libros
454 1852 720 1935 interpretaretur,
749 1853 936 1929 emendaret,
968 1853 1049 1911 etin
1074 1854 1161 1913 ordi·
1258 1856 1262 1865 '

71 1958 118 1999 ltu
135 1948 288 2029 redigeret,
313 1952 446 2013 virtutes
467 1956 591 2017 illorum
612 1967 642 2017 et
664 1956 739 2017 vitia
758 1964 963 2037 percenseret,
985 1954 1160 2032 grammati-

73 2059 165 2133 “fflque
181 2052 320 2115 scholam
339 2056 457 2137 primus
477 2062 607 2139 operiret
628 2056 687 2139 Ὧι
720 2058 792 2137 quid
815 2056 898 2117 aliud
923 2056 1040 2136 potuit,
1069 2078 1160 2137 quam

71 2146 172 2211 utitem
183 2168 327 2217 veterum
346 2158 529 2241 scriptorum
543 2162 702 2223 lectionem
716 2168 744 2217 et
764 2158 959 2217 imitationem
976 2158 1055 2217 omni
1069 2160 1158 2219 modo

75 2244 190 2332 adinrare,
222 2258 451 2341 hominumque
475 2283 613 2323 exercere
646 2260 867 2321 institutionem
894 2268 924 2317 et
948 2258 1157 2324 eruditionem.

79 2347 221 2419 trituretur
236 2364 279 2423 in
296 2362 345 2421 hia
361 2364 498 2423 omnibus
515 2363 717 2445 praeceptoris
736 2362 869 2437 vestigiis
887 2360 1016 2419 inhaesit
1037 2362 1159 2441 eiusque

83 2464 154 2529 ‘still
165 2464 306 2539 perficere
324 2466 456 2527 instituit
476 2466 528 2547 ⁸⁸).
573 2468 677 2550 Itaque
699 2462 867 2523 condidisse
887 2472 1050 2541 utrumque
1063 2474 1158 2523 artem

83 2566 278 2644 turoneum,
299 2576 363 2627 tota
380 2569 662 2649 antiqnitosmerito
678 2566 788 2627 cluntat
805 2564 857 2638 ⁸⁹).
900 2566 998 2644 Atque
1019 2565 1077 2625 nisi
1097 2566 1158 2626 sal·
1273 2558 1277 2568 '
1361 2536 1362 2565 i

81 2648 114 2712 ¹⁰¹
130 2672 236 2746 egregie,
269 2670 480 2751 Aristophanis
504 2666 578 2750 qnae
606 2671 644 2731 de
675 2668 801 2745 singulis
835 2668 922 2727 rebus
956 2670 1156 2744 grammaticis

79 2753 141 2819 luerit
154 2774 313 2850 sententia,
338 2792 377 2832 ex
396 2784 481 2853 parte
499 2794 560 2833 uon
584 2773 649 2853 ipse
670 2771 733 2831 suis
754 2770 840 2829 libris
861 2770 994 2849 vulgavit
1008 2782 1037 2832 et
1052 2774 1158 2851 edunt,
1247 2765 1250 2773 ¹
1361 2768 1362 2775 ἵ

78 2858 208 2932 acdeorum
236 2896 307 2935 cum
327 2874 428 2935 doctis
447 2875 520 2935 viris
541 2872 858 2933 communicandorum
879 2870 1022 2935 honorent
1044 2887 1073 2935 et
1087 2879 1155 2957 qlo-
1230 2900 1232 2915 ’

77 2957 129 3020 riam
141 2972 253 3055 reliquit
275 2978 447 3058 discipulis.
493 2977 671 3055 Quanquam
692 2973 771 3053 enirn
792 2972 897 3031 Suidae
912 2986 1047 3053 enarrat,
1072 2998 1156 3038 com.

78 3073 197 3135 menbrios
218 3100 287 3139 eum
308 3080 475 3160 permultos
506 3079 716 3159 conscripsisse
738 3120 758 3153 „
768 3068 982 3157 συγγράμματα
1005 3074 1037 3141 dd
1061 3074 1163 3165 cceiroei'¹

78 3160 279 3259 domn&
310 3190 412 3239 tamen
445 3191 526 3239 certa
555 3180 749 3260 reperiuntur
771 3178 870 3255 signu,
908 3179 1069 3238 sententiaa
1094 3181 1155 3241 eius

78 3258 253 3357 ¹1‘Uipsanas
274 3304 338 3343 non
366 3282 519 3363 exipsius
546 3280 629 3341 libris
655 3280 708 3339 sed
729 3300 766 3339 ex
792 3278 1008 3357 discipulorum
1036 3282 1157 3361 scriptis

80 3362 164 3436 denum
180 3384 351 3445 innotuisse.
394 3385 484 3459 Quod
509 3385 539 3443 in
559 3382 727 3444 Homericis
757 3380 934 3439 lectionibus
960 3384 1155 3463 excerpendis

79 3464 192 3544 intertum
207 3499 363 3550 auctorem
384 3508 470 3548 suum
493 3486 671 3547 scholiastae
695 3482 830 3567 produnt
853 3480 1073 3563 Callistratum,
1097 3486 1155 3547 alia

81 3661 243 3697 N·
263 3712 271 3723 ο

102 3794 176 3863 ''lct
190 3810 271 3863 wott.
291 3808 414 3877 Prolegq.
437 3826 464 3878 p.
482 3806 594 3861 ccxvt
610 3824 684 3877 seqq.
708 3806 802 3861 Sumus
818 3807 884 3861 enim
908 3806 992 3859 adhuc
1009 3804 1037 3859 in
1054 3806 1095 3861 hle
1113 3826 1156 3863 re-

138 3870 173 3928 ios
186 3896 290 3949 semper
305 3880 340 3931 ed
363 3879 481 3931 Wolhom
508 3893 652 3946 provocare
674 3876 776 3937 coacti,
800 3886 891 3929 metam
918 3892 981 3929 sane
1007 3876 1156 3947 locupletis-

137 3942 226 4010 dmm,
249 3949 297 4001 sed
323 3965 397 4017 quem
419 3948 464 3999 ulii
488 3946 610 4017 excipere
634 3955 663 3998 et
699 3945 863 4015 quaestiones
887 3946 920 3997 ab
944 3962 975 3997 oo
1001 3954 1053 3999 tam
1070 3946 1157 4002 letici-

137 4020 169 4065 1er
199 4016 335 4069 institutes
375 4016 409 4068 sd
434 4017 509 4069 huon
541 4016 721 4085 perducendas
756 4014 887 4083 suscipere
910 4014 960 4067 ian
985 4012 1083 4069 dudum
1108 4016 1158 4069 de-

137 4078 248 4136 buissent.
262 4087 299 4138 cl.
317 4084 465 4138 Rhenanus·
481 4086 598 4137 hlueeum
615 4082 756 4137 Niebuhrii
781 4082 838 4136 Vol.
855 4082 877 4146 l,
895 4102 921 4153 p·
941 4084 991 4139 199
1008 4100 1081 4155 seqq.

103 4174 176 4243 'lii
191 4187 272 4241 Wolf.
291 4188 412 4257 Prolegg.
430 4204 456 4257 p.
475 4186 624 4241 ccxxvn
648 4204 721 4257 seqq.

101 4296 129 4364 ⁰)
142 4303 176 4355 Cl.
194 4306 236 4358 tn.
253 4306 375 4375 Pialegg.
394 4324 419 4375 p.
437 4308 579 4371 CCXth,
593 4307 667 4359 Sext.
686 4306 784 4373 [impin.
799 4306 860 4359 adr.
879 4320 984 4372 gratem.
1000 4300 1097 4373 peut.
1115 4303 1158 4359 lt·
1246 4346 1253 4361 .

138 4374 189 4427 nobs
203 4375 231 4428 iu
247 4376 344 4429 Brachi
361 4382 390 4428 et
406 4377 519 4431 Gruberi
536 4376 748 4447 llocyelopeedia
766 4376 807 4440 V,
826 4392 852 4445 p.
869 4376 933 4429 260.
