2784 4959
205 414 289 465 xum
514 388 1041 471 PROLEGOMENA

107 632 111 643 .
204 578 301 662 plete3
330 588 427 641 cetera
448 600 520 645 vero
542 582 601 641 iem
624 590 696 643 note
722 594 812 660 sunt,
827 630 834 645 .
848 586 1019 665 multoque,
1055 602 1132 665 qnae
1163 586 1345 647 mamfesto

132 742 136 749 ,
204 682 280 743 nna
298 690 352 742 aut
371 684 465 744 aliene
487 694 649 767 putantur,
672 686 771 752 emitti
788 698 936 768 poteraut.

287 871 466 933 Fabularum
486 874 576 935 series
594 894 631 935 ex
644 873 789 953 temporis
805 874 922 935 ratione
943 875 1089 935 instructu
1103 882 1160 933 est.
1189 871 1239 933 At
1259 874 1342 933 Plu-

202 980 267 1031 tum
287 974 378 1033 lienis
401 984 431 1033 et
452 974 664 1036 Ecclesinzusis
691 977 765 1035 Iaise
790 978 861 1037 iecit
885 978 1126 1051 antecedentem,
1155 995 1264 1055 quum
1287 973 1340 1034 his

201 1081 279 1131 esset
293 1076 449 1136 recentior.
492 1078 613 1138 Putavit
629 1078 722 1157 igitur
735 1078 857 1140 Plutum
879 1078 1070 1161 superstitem
1090 1095 1154 1136 esse
1174 1077 1337 1159 priorem.

201 1173 240 1235 cI.
253 1194 309 1235 nos
333 1178 429 1241 Praei.
447 1178 484 1239 ed
497 1181 576 1243 Plut.

284 1346 328 1407 lle
348 1346 577 1431 orthographiae
596 1350 672 1413 locis
689 1349 845 1431 permultis
859 1349 996 1409 bekkero
1010 1349 1148 1409 assentiri
1166 1365 1239 1409 non
1258 1368 1335 1429 pos·

201 1468 276 1512 sum.
319 1451 435 1513 Deserit
457 1472 569 1511 morem
592 1474 675 1514 nune
694 1454 731 1511 ab
744 1452 879 1510 omnibus
892 1450 954 1512 sere
966 1462 1120 1532 receptum
1140 1450 1335 1524 infinitivus,

200 1535 290 1615 ἱιιοῖν
315 1554 364 1635 qui
388 1564 513 1631 exeunt,
536 1554 599 1615 sine
622 1556 681 1613 iotn
707 1554 877 1633 subscripto
904 1554 1012 1613 edendi
1030 1554 1104 1645 licet
1137 1552 1334 1613 auctoritate

198 1656 306 1715 idonee
328 1657 479 1716 munitam
500 1654 561 1737 ³⁹);
596 1655 687 1736 idque
710 1676 774 1716 non
795 1657 867 1715 iacit
893 1656 983 1716 nimis
1006 1654 1196 1737 antiquitatis
1219 1664 1332 1729 tenax,

200 1776 295 1839 qnam
316 1758 441 1818 Debreei
461 1758 509 1818 vel
536 1758 677 1819 Porsonis
700 1759 945 1821 consuetudinem
967 1760 1093 1819 verbam
1117 1762 1239 1835 ποιεῖν,
1272 1756 1332 1816 ubi

197 1860 296 1940 prima
314 1860 375 1919 eius
400 1860 515 1940 syllsbs
532 1870 669 1941 correpte
697 1871 762 1938 est,
784 1862 849 1921 sine
862 1863 924 1921 iota
946 1860 1112 1937 scribendi,
1134 1868 1328 1939 sequeretur.

196 1961 277 2021 Hinc
292 1962 413 2040 quidem
434 1962 547 2021 factum
567 1972 629 2040 est,
651 1973 687 2022 nt
707 1964 848 2045 plurimis
865 1964 941 2024 Iocis
963 1965 1054 2025 metri
1079 1984 1171 2036 causa
1199 1962 1327 2023 scribe-

195 2072 244 2124 ret
266 2070 371 2139 ποοῖν,
396 2062 449 2123 sed
464 2063 567 2122 multis
590 2086 708 2145 quoqne
720 2066 797 2126 locis
818 2074 919 2131 ποιεῖν
936 2067 1106 2147 relinquere
1119 2073 1245 2127 coactus
1267 2084 1326 2123 es-

196 2174 257 2241 set,
280 2174 315 2223 nt
335 2165 415 2227 Plnt.
433 2167 507 2232 572.
532 2172 604 2235 929.
626 2171 697 2236 975.
720 2176 812 2238 1058.
828 2180 896 2243 eto.
938 2170 1034 2231 Immo
1059 2180 1165 2231 contre
1182 2168 1324 2245 regulam

195 2284 278 2327 snam
295 2270 394 2328 ποιεῖν
408 2268 518 2347 passim
538 2269 659 2351 scripsit
680 2272 755 2331 [lan.
773 2277 825 2338 79.
840 2274 913 2341 857.
930 2283 986 2333 etc.
1029 2274 1091 2333 Inm
1111 2273 1162 2352 qui
1175 2270 1244 2330 fieri
1263 2289 1321 2349 po-

194 2366 268 2444 tuit,
298 2377 334 2427 nt
363 2388 441 2427 unus
461 2370 598 2451 idemque
625 2374 758 2454 scriptor
779 2374 813 2433 in
839 2375 941 2436 eedem
963 2377 1064 2436 fabula
1093 2374 1182 2434 modo
1202 2375 1321 2445 ποιεῖν,

194 2472 285 2531 modo
313 2478 400 2534 ποεῖν
425 2476 614 2553 pronuntiari
638 2476 770 2536 nemsi
804 2477 912 2539 Nonne
932 2479 997 2539 veri
1020 2488 1065 2538 est
1089 2476 1234 2549 similius,
1267 2474 1323 2533 di-

194 2570 384 2651 phthongum
398 2570 477 2631 lmnc
497 2576 724 2653 pronuntiando
747 2588 917 2657 correptem
935 2600 1018 2658 esse,
1040 2587 1077 2638 ut
1097 2578 1171 2636 aliae
1191 2557 1264 2639 liet
1285 2557 1323 2637 (ii

194 2672 228 2731 in
242 2673 308 2731 eliis
324 2672 448 2731 vocibus
468 2674 598 2747 δείλαιος
611 2676 688 2735 Plut·
705 2682 777 2743 847.
797 2676 927 2758 ποιητής
942 2682 1016 2738 lien.
1031 2685 1088 2746 715
1098 2672 1228 2749 παλαιός
1249 2676 1316 2754 Ly-

193 2774 273 2836 sistr.
295 2778 367 2840 988.
381 2784 436 2833 etc.
454 2775 492 2836 cf.
508 2776 617 2855 Reisig.
635 2777 767 2839 Coniect.
780 2778 877 2841 Praef.
897 2778 1009 2840 XXIII.

276 2978 312 3037 In
327 2977 479 3036 nonnullis
495 2978 549 3037 sibi
570 3000 677 3061 perum
694 2990 820 3046 constet.
840 2982 909 3061 Non
926 2980 1025 3041 denuo
1047 2982 1116 3043 dico
1131 2982 1169 3041 de
1181 2992 1314 3045 eceentn

192 3100 308 3140 eruscos
324 3071 415 3141 τᾶλλα
428 3080 559 3161 ndeoque
572 3072 691 3145 κᾶκεῖσε
706 3093 737 3143 et
754 3084 787 3144 id
802 3104 895 3164 genus
913 3084 1026 3163 mults,
1045 3085 1083 3147 de
1099 3084 1206 3165 quibus
1219 3105 1311 3167 supro

191 3191 289 3241 ectum
311 3190 364 3243 est.
408 3182 438 3241 Si
461 3184 551 3244 semel
570 3184 614 3243 sio
631 3186 688 3247 sibi
708 3186 813 3249 hebuit
834 3206 1029 3270 persuasum,
1051 3190 1227 3248 tumetium
1247 3186 1312 3269 ποῖν

190 3292 246 3347 eto.
266 3284 393 3369 seribere
413 3304 475 3347 non
498 3286 630 3352 debebat.
672 3290 860 3353 Alterutrum
874 3292 982 3351 fulsum
1004 3298 1056 3353 est
1097 3290 1211 3351 Pariter
1224 3292 1310 3351 aber.

190 3388 270 3448 revit
289 3386 337 3447 vir
357 3408 489 3449 summus
515 3390 548 3455 in
570 3392 715 3451 coronide
741 3395 891 3473 neglecte,
922 3392 1060 3475 quemvis
1094 3392 1153 3451 iam
1193 3392 1309 3453 dadum

94 3492 97 3500 '
190 3486 341 3548 Seidlerns
367 3492 404 3550 ad
431 3492 537 3573 Eurip.
566 3494 674 3558 Troud.
700 3518 731 3575 p.
756 3498 825 3565 148.
856 3497 894 3556 de
919 3494 977 3557 hac
1010 3497 1085 3554 scite
1111 3496 1306 3573 exposuisset.

112 3586 119 3595 ’
188 3588 306 3651 Etenim
330 3590 355 3647 ei
374 3592 498 3671 spiritus
520 3614 607 3675 asper
625 3598 725 3677 adest,
745 3599 900 3660 Bekkerus
917 3598 1059 3659 coronide
1076 3598 1184 3656 omissa
1203 3598 1307 3658 scribit

222 3944 256 4013 ⁸⁹)
277 3944 387 4015 Etymol.
405 3964 431 4001 r.
448 3940 513 4021 βοᾷ
534 3948 662 4036 edudoo'ie
682 3950 731 4008 sul
752 3954 835 4023 ystrie
855 3912 1045 4020 daeoioiponsn
1065 3945 1120 4005 osis
1147 3946 1201 4019 ἔχει
1223 3945 1258 4006 ed
1285 3958 1304 4007 ι’

271 4016 1304 4213 :sttrtttttzsqttt.nine.tttn:tnntnt

564 4176 580 4212 a

274 4169 302 4275 pi
324 4152 384 4212 419.
420 4156 537 4213 Fischer.

304 4222 344 4293 ed.
369 4242 396 4295 p.
420 4226 463 4280 90.

629 4161 737 4219 wne.
766 4162 788 4216 1.
817 4178 845 4233 ρ.
871 4165 932 4218 ne.
957 4164 1015 4217 127.
1040 4159 1128 4213 nnn.
1151 4160 1186 4213 ιο
1211 4158 1299 4231 uurtp.
