2784 4959
290 379 991 520 'INaItlsT'OPHANnn
1093 431 1213 485 xxm

171 582 221 655 ss.
246 582 341 645 ean.
362 585 396 649 e
419 618 463 633 -
485 582 835 667 emensieniensi.
863 590 948 653 ens
965 613 1013 655 nr.
1033 601 1066 664 s.
1087 601 1116 664 e
1135 552 1213 661 ner

104 704 193 745 reeens
211 694 241 745 et
266 704 358 767 saepe
382 684 492 749 vitiose
513 688 652 771 scriptus.
696 691 838 754 Continet
857 695 937 757 Plut.
957 705 987 755 et
1014 696 1114 761 Nube.
1146 720 1214 763 cum

113 786 221 853 alelen.

177 923 226 991 25.
251 922 343 983 Carae
365 920 396 989 4.
419 954 462 971 -
491 923 1212 1006 csnnffigtsnsistntt.1>ubt.nr.s.teosn-

109 1024 171 1085 tinet
184 1028 260 1086 Plut.
271 1034 303 1087 et
319 1024 417 1087 Nubb.
431 1044 501 1086 oum
515 1024 654 1108 anheliis3
677 1032 765 1095 Cant.
779 1040 810 1102 8.
823 1032 929 1097 nmilia
943 1054 1038 1117 eoque
1049 1037 1143 1119 magis
1158 1038 1213 1101 ad-

105 1126 156 1185 lane
170 1128 375 1209 interpolatos.

179 1269 227 1331 26.
252 1269 348 1345 Borg.
369 1264 530 1327 -Codex
550 1266 731 1347 Berginium,
752 1291 841 1351 quens
857 1272 1041 1333 lnvernizins
1058 1272 1209 1355 Stephano

102 1364 215 1444 Bergine
232 1367 380 1427 cardinali
401 1366 533 1427 debebat.
578 1370 631 1430 Est
650 1369 701 1429 laio
720 1372 796 1433 liber
810 1374 1001 1454 chartaceus,
1016 1395 1121 1454 parem
1140 1374 1210 1437 dili·

103 1477 197 1544 genter
206 1468 352 1550 scriptus,
374 1470 427 1549 qui
446 1471 566 1534 lnvern.
583 1470 686 1532 iudice
697 1473 737 1534 ad
754 1478 846 1543 senil.
861 1457 951 1540 mv(
960 1476 1101 1559 pertinet.
1123 1480 1207 1541 Con-

106 1569 174 1630 tinet
184 1571 259 1637 Pl'nt.
274 1574 348 1635 llnn.
363 1578 394 1631 et
412 1574 499 1634 Aves.

181 1714 228 1777 27.
247 1710 328 1771 Rev.
353 1742 391 1756 -
415 1706 518 1767 Codex
537 1710 694 1772 Ravennae
718 1686 980 1793 membranaceus,
1012 1714 1107 1777 forma
1133 1735 1205 1775 ma-

105 1807 196 1888 xima,
220 1812 297 1872 loliis
319 1814 391 1877 180.
415 1811 452 1870 ab
473 1810 643 1874 Invernizio
673 1815 806 1897 primum
835 1818 1031 1897 negligenter,
1060 1816 1167 1877 deinde
1187 1836 1207 1876 e

106 1907 228 1971 Bekkero
245 1912 472 1993 diligentissime
490 1934 526 1974 ae
548 1915 624 1975 scite
642 1916 782 1992 collatus,
805 1939 866 1999 qno
889 1918 989 1979 iudice
1013 1918 1141 2001 scriptus
1158 1926 1204 1978 est

109 2012 271 2093 aenulolll„
292 2036 356 2076 non
370 2018 425 2095 X„
448 2025 484 2077 nt
500 2014 684 2078 Invernirius
705 2019 845 2098 opinatus
863 2031 934 2084 erat.
956 2019 1083 2081 Bekkerl
1105 2021 1203 2081 colla-

109 2110 197 2187 tione,
221 2138 292 2197 quae
312 2120 347 2179 ab
370 2118 458 2179 initio
494 2118 526 2178 in
550 2138 637 2179 usum
659 2120 786 2180 Seidleri
807 2102 884 2181 lacta
906 2124 1038 2184 nuncin
1069 2123 1201 2183 editione

113 2211 221 2277 eiusdem
232 2230 325 2281 exstat
334 2267 344 2298 ‚
365 2220 450 2281 nisus
464 2222 638 2282 llindorfius
656 2220 762 2281 iamin
783 2224 907 2303 praeiet.
928 2224 966 2284 ed
986 2224 1054 2286 Pae.
1072 2224 1203 2302 monnitJ

115 2323 209 2379 tantam
218 2322 301 2383 inisse
312 2322 475 2384 lnvernizii
490 2334 519 2383 et
533 2324 740 2403 negligentiam
753 2332 782 2384 et
799 2322 988 2403 imperitiam,
1009 2334 1044 2385 nt
1058 2328 1119 2383 non
1132 2344 1200 2384 mo-

126 2414 158 2475 do
174 2422 322 2485 insenseroe
341 2424 412 2499 libri
432 2424 533 2485 eximii
553 2424 690 2484 lectiones
710 2434 831 2485 enotare
845 2424 1021 2504 negligeret,
1042 2424 1199 2485 sedetiam

123 2518 222 2596 plurima
233 2548 289 2588 non
303 2538 386 2589 recte
399 2528 519 2608 legeret.
561 2527 676 2589 Pariter
694 2524 729 2586 in
749 2526 874 2587 eundem
895 2527 1105 2589 animadvertit
1118 2527 1200 2587 Bek-

119 2620 191 2685 kuus
204 2629 257 2709 ipss
272 2634 398 2712 praefat.
421 2634 452 2692 in
468 2630 620 2713 Aristoph.
637 2630 671 2690 Τ.
694 2629 719 2690 l.
744 2628 792 2690 lais
814 2630 929 2692 vertis:
969 2630 1197 2709 „Ravennatem

119 2726 226 2804 quiante
243 2756 287 2794 me
307 2734 455 2810 versavit,
475 2732 647 2816 incredibili
667 2733 803 2792 socordia
819 2752 886 2792 enm
904 2730 970 2814 psn'
985 2730 1104 2793 inantia
1118 2750 1197 2790 eon·

116 2828 196 2891 iuncta
209 2836 350 2896 commisit
357 2880 366 2913 ‚
390 2845 425 2897 nt
440 2838 588 2897 sexcentis
601 2834 676 2897 locis
697 2844 748 2895 aut
761 2835 835 2917 qnid
849 2833 956 2895 habeat
975 2835 1106 2915 optimus
1119 2832 1198 2893 nnn

116 2928 255 3015 ignoretur,
276 2946 330 2997 ant
344 2936 426 3018 quod
440 2958 503 2999 non
521 2940 627 3017 habet,
648 2938 682 2999 id
700 2938 727 2998 el
743 2936 936 3019 imputetur.“
978 2936 1094 3011 Quibus
1112 2930 1196 2994 hand

114 3034 203 3098 mnan
218 3040 322 3101 iustior
337 3050 480 3120 appareat
490 3021 596 3123 Reisig.
611 3040 743 3103 Conieot.
756 3039 880 3119 praelat.
893 3059 926 3121 p.
940 3035 976 3101 V.
984 3083 995 3118 ,
1015 3038 1068 3119 qui
1080 3036 1192 3097 iooireo

112 3152 161 3196 non
178 3140 388 3203 criminandum
409 3163 471 3203 ease
488 3142 640 3205 hominem
664 3141 797 3220 censuit,
820 3142 873 3201 sed
893 3140 1002 3221 gratiss
1021 3142 1121 3221 potins
1136 3136 1194 3197 lsa-

111 3234 212 3319 bendas,
248 3244 328 3325 quod
354 3244 575 3307 iureconsultus
610 3245 707 3305 causis
733 3242 868 3306 dicendis
894 3251 1058 3323 occupatus
1079 3247 1195 3298 tantum
1251 3268 1255 3275 ·

109 3336 144 3402 tis
161 3347 248 3407 literis
275 3365 383 3429 operae
409 3356 439 3407 et
466 3346 610 3428 temporis
636 3346 850 3427 impertiverit,
877 3352 1019 3425 qnantum
1045 3338 1194 3421 potnerit;
1259 3348 1276 3377 0

106 3444 143 3504 cni
154 3446 331 3527 vigilandum
348 3450 471 3510 sortasse
492 3450 547 3510 sub
560 3448 632 3530 galli
648 3457 771 3507 cantum
789 3446 897 3522 neris,
918 3454 954 3507 nt
974 3442 1130 3506 clientibus
1149 3438 1202 3532 fii

104 3546 155 3609 den
166 3560 343 3633 praestaret,
365 3572 457 3633 quum
472 3528 663 3632 gemmetico
678 3568 784 3632 capere
800 3548 925 3629 quietem
943 3546 981 3606 ad
997 3560 1094 3608 eornm
1107 3560 1195 3605 mane

100 3649 193 3716 liceret.
236 3654 350 3716 Verum
372 3665 469 3715 autem
487 3663 550 3731 est,
575 3656 777 3714 Ravennatem
797 3650 924 3712 Bekkeri
938 3648 1093 3729 diligentie
1112 3662 1195 3708 nuno

100 3755 198 3819 demum
215 3758 308 3820 nobis
327 3775 390 3817 esse
402 3758 560 3817 reclusum.
604 3756 658 3816 Est
677 3777 749 3816 vero
761 3756 916 3815 ltavenms
935 3772 999 3812 non
1017 3752 1115 3809 minus
1131 3748 1195 3807 ela·

100 3870 181 3936 pnsr
192 3863 226 3923 in
243 3858 428 3922 membranis
450 3878 537 3939 qnam
558 3857 633 3918 snite
655 3858 784 3939 scriptus
805 3866 851 3934 et,
871 3854 954 3935 qnod
964 3852 1084 3933 μανίαι
1104 3848 1195 3909 lrabe-

101 3966 151 4041 tar,
171 3984 274 4025 omnes
296 3962 504 4045 Aristophanis
527 3960 641 4020 fabulas
657 3961 789 4019 eontinet
801 3957 945 4038 integras,
965 3954 1080 4017 scholia
1092 3960 1123 4011 et
1134 3970 1194 4011 no·

102 4066 132 4120 ba
144 4068 282 4147 quasdam
303 4064 528 4140 interlineares,
550 4058 627 4141 qnae
645 4060 796 4123 dicuntur.

158 4226 207 4289 28.
234 4220 312 4285 Van.
335 4250 380 4265 ·-
401 4218 502 4279 Codex
517 4214 648 4277 Venetus
663 4212 917 4290 membranaceus,
937 4208 1017 4273 ioliis
1034 4212 1116 4282 172,
1134 4205 1198 4265 lon·

91 4339 128 4383 ¹¹³
143 4324 291 4407 quadrua
301 4367 316 4401 ,
344 4340 432 4405 quem
452 4330 548 4385 aetate
565 4322 768 4385 Ravennatem
792 4319 854 4381 tere
873 4331 999 4397 sequere
1017 4315 1103 4391 potat
1123 4304 1200 4370 Bek-
