2784 4959
200 456 294 505 evm
521 376 995 548 couurnrsrro'

198 619 237 683 ds
251 618 433 704 Graecorpm
447 618 629 699 scriptorum
647 615 797 677 iudicibus
818 625 937 697 praeter
951 612 1225 693 Quinctiliannm²
1249 636 1345 693 quan·
1365 702 1366 709 ἵ

197 732 262 781 tum
281 742 320 781 ex
344 720 466 801 scriptis
488 730 625 780 veterum
650 718 807 800 hucusque
827 718 955 800 repertis
974 718 1084 779 ridere
1110 717 1230 794 licuit,
1254 716 1342 777 locu-
1367 710 1368 717 ¹

197 832 246 883 tus
264 834 318 885 est.
361 824 423 885 lam
451 842 546 903 quum
573 823 690 883 duobus
710 824 760 883 val
779 822 877 883 tribus
899 842 1002 885 eorum
1025 820 1180 897 iudiciis,
1207 842 1288 901 quae
1308 842 1342 879 ex

197 924 403 1000 Quinctiliano
420 925 878 1005 cognoscimus‚.grammatioum
897 925 1126 985 Coisliniauum
1146 934 1181 982 et
1196 924 1339 981 Proclum

196 1030 367 1091 consentire
392 1030 526 1106 videret,
560 1050 611 1089 eos
642 1050 763 1110 quoque
786 1028 820 1089 iu
847 1028 971 1108 singulis
998 1026 1131 1087 iudiciis
1147 1025 1231 1085 suis
1261 1032 1338 1083 totos

195 1130 322 1190 rasead
347 1130 793 1193 Alexandrinorosuiudicium
828 1131 1029 1215 composuisse
1070 1140 1122 1191 eat
1152 1128 1335 1209 suspicatus.

191 1232 285 1306 Quod
301 1252 361 1311 quo
380 1232 579 1310 inmiscuit,
599 1235 764 1296 videamus.
806 1234 1031 1309 Quinctiiianus
1053 1232 1160 1311 igitur
1183 1231 1219 1291 iu
1245 1231 1335 1289 insti·

195 1336 362 1397 tutioribus
386 1338 533 1399 oratoriis
556 1358 648 1418 quum
670 1358 730 1417 quo
751 1338 841 1399 modo
859 1338 946 1418 copia
972 1355 1039 1395 cum
1067 1334 1195 1395 iudicio
1220 1333 1333 1393 oratori

196 1448 276 1497 esset
296 1440 497 1520 comparanda
520 1442 628 1501 docere
645 1440 751 1517 veliet,
775 1451 808 1501 ut
825 1442 937 1521 optimo
962 1439 1100 1516 legerent
1125 1447 1159 1497 et
1181 1438 1329 1511 audirent,

183 1543 349 1622 ‘praecepit
368 1541 430 1623 98);
452 1554 482 1604 et
503 1565 597 1624 quum
617 1540 841 1623 Theophrastus
860 1542 1022 1623 plurimum
1047 1540 1174 1601 oratori
1195 1541 1330 1599 conferre

194 1642 354 1703 lectionem
374 1652 533 1726 pottarum
557 1646 697 1719 dixisset,
732 1655 763 1705 et
790 1646 893 1707 Cicero
923 1647 956 1705 in
981 1644 1041 1703 hao
1068 1644 1212 1706 lectione
1232 1642 1328 1722 acqui-

152 1764 158 1783 ‘
196 1746 357 1807 urendum
378 1758 534 1832 putasset,
556 1768 660 1807 eorum
677 1748 842 1807 sententiae
858 1766 1013 1807 assensum
1029 1747 1207 1826 professus,
1230 1764 1329 1805 omnes

117 1896 129 1909 .
195 1856 295 1907 tamen
319 1850 480 1930 scriptores
507 1849 585 1908 alere
622 1850 841 1927 quodammodo
876 1848 1039 1909 orationem
1078 1868 1172 1931 posse
1205 1858 1327 1909 conten·

194 1948 242 2011 dit
254 1948 307 2029 ⁹¹).
333 1950 470 2029 ¹Quibus
491 1951 597 2026 dictis,
621 1972 713 2031 quum
736 1954 767 2011 id
788 1952 987 2014 necessarium
1008 1971 1077 2011 esso
1098 1952 1257 2023 crederet,
1281 1949 1326 2027 qui

194 2052 257 2112 sint
268 2054 453 2132 potissimum
473 2054 607 2131 legendi,
630 2053 878 2132 praecedentibus
893 2053 1058 2130 sdiuugere
1080 2051 1323 2123 constituit100),

195 2156 413 2236 consiliumque
434 2178 522 2217 suurn
539 2158 581 2215 itu
601 2156 800 2237 persequitur,
822 2166 857 2215 ut
877 2158 1007 2235 primum
1025 2156 1234 2235 Graecorum,
1260 2156 1324 2215 doin

192 2257 367 2319 Latinorum
380 2261 561 2340 scriptorum
577 2259 849 2340 praestantissimos
866 2261 1109 2340 utilissimosque
1123 2260 1241 2320 oratori
1259 2279 1321 2339 per·

195 2370 320 2426 censeat.
363 2362 406 2421 Ut
427 2362 461 2422 in
476 2364 591 2423 Latinis
610 2362 808 2442 scriptoribus
833 2362 1034 2423 diiudicandis
1064 2368 1223 2441 eumJnon
1255 2362 1321 2419 olio.

191 2482 278 2540 rum,
306 2465 359 2523 aad
382 2486 470 2525 suum
494 2467 591 2547 ipsius
618 2466 764 2525 iudicium
795 2475 931 2526 secutum
959 2482 1021 2525 esse
1050 2484 1110 2544 par
1139 2475 1199 2524 ests
1227 2464 1267 2523 ita
1289 2464 1320 2520 in

192 2566 374 2626 Graecorum
394 2570 573 2650 scriptorum
594 2568 713 2629 deiectu
733 2590 795 2629 non
816 2588 885 2629 raro
909 2566 973 2625 eius
998 2564 1175 2627 dissensum
1197 2566 1233 2627 ab
1257 2564 1319 2625 aliis

126 2716 133 2725 ,
192 2668 455 2729 animadvertimus
475 2668 512 2743 ¹).
556 2672 638 2745 Quid
655 2674 766 2731 mirum
786 2672 894 2750 igitur,
917 2671 942 2729 si
964 2690 1005 2728 ne
1024 2656 1234 2731 celeberrimis
1256 2667 1316 2748 qui·

192 2769 260 2831 dem
284 2771 483 2848 grammaticis
511 2772 650 2853 parebat,
687 2782 718 2833 et
739 2774 777 2831 ab
798 2770 1005 2851 Aristophanis
1035 2794 1162 2853 quoque
1193 2780 1223 2833 et
1249 2770 1315 2830 Ari·

191 2872 303 2932 starchi
317 2873 431 2933 iudicio
448 2893 535 2933 suum
552 2874 715 2953 reponebat
736 2884 766 2934 et
784 2874 955 2953 segregabat
975 2873 1025 2948 ¹)'t
1049 2879 1120 2935 Non
1144 2878 1224 2935 enim
1245 2872 1313 2933 obli-

190 2975 367 3034 viscendum
391 2985 451 3053 eat,
475 2986 623 3037 oratorem
643 2998 710 3037 eum
726 2979 856 3037 sormore
875 2968 905 3037 et
925 2978 1085 3039 instituere
1104 2980 1200 3053 veile,
1224 2992 1312 3053 neque

190 3078 331 3138 universe
351 3079 388 3138 de
416 3080 553 3139 omnibus
571 3080 850 3160 scriptoribustra,
872 3090 908 3137 ut
931 3098 1033 3139 veram
1056 3100 1164 3139 eorum
1191 3077 1310 3156 dignita·

189 3190 251 3240 tem
275 3182 459 3259 ostenderet,
495 3182 639 3245 iudicare.
691 3184 768 3243 Sunt
801 3192 916 3259 tamen,
947 3201 1023 3261 quoe
1056 3204 1095 3243 ex
1125 3186 1189 3245 eius
1219 3181 1310 3243 verbis

189 3284 278 3345 focile
294 3286 363 3385 elipi
382 3285 508 3366 possint.
552 3286 778 3361 Quinctilianus
809 3286 890 3347 enim
916 3280 944 3370 ⁸)
975 3305 1124 3366 puerum,
1154 3296 1310 3369 postquam

221 3574 373 3640 ”)Ιιιιιίιι
391 3573 480 3627 Oratt.
497 3572 539 3643 Χ,
558 3571 668 3642 1,§8.

220 3678 260 3747 ⁸⁹)
277 3678 317 3731 n.
337 3682 353 3745 s
370 3678 406 3733 2⁷
423 3693 497 3749 eur·
665 3680 669 3686 ’

220 3781 275 3850 ιω)
292 3779 333 3835 ῃ)
351 3782 433 3847 337·

221 3884 302 3956 ¹)1b.
321 3884 401 3951 556.
419 3884 530 3937 Videtur
545 3882 573 3937 in
590 3882 631 3937 bis
647 3883 767 3955 Dionysii
783 3881 1020 3937 Halicarnassensis
1037 3882 1152 3951 vestigia
1169 3879 1304 4002 pressisse·

273 3956 307 4006 de
325 3969 376 4022 qua
393 3971 422 4005 re
440 3964 518 4006 autea
535 3954 652 4006 diximus.
663 3952 847 4005 Animadverte
864 3958 958 4017 umen,
975 3954 1002 4006 in
1019 3950 1117 4006 iudicio
1135 3954 1169 4004 ds
1187 3944 1303 4002 Oratori-

270 4026 318 4077 bus
337 4021 447 4076 Graecia
463 4023 529 4085 lato,
547 4021 591 4086 X,
611 4026 642 4087 1,
658 4025 733 4077 76-
743 4024 786 4077 80
803 4022 904 4076 Isaeum
921 3993 1022 4090 omitti,
1041 4022 1242 4140 Phalereumqoa
1258 4013 1303 4067 ad·

271 4094 299 4145 di
319 4092 473 4147 Demetrium
491 4111 508 4146 s
522 4061 712 4155 'Quirictiiiuuo

220 4198 248 4267 ²)
265 4196 304 4249 lb·
298 4194 415 4319 ..οέω54
446 4198 490 4252 59.
521 4198 616 4251 Pastas
641 4214 724 4249 serrem
742 4197 794 4251 erit
817 4196 851 4250 de
868 4195 1016 4263 Pisandro,
1040 4192 1118 4261 556.
1144 4208 1175 4246 eo
1201 4199 1299 4245 numero

270 4283 310 4319 res

220 4369 348 4438 ⁸)1t.‚1
364 4367 436 4434 4,1.
