2784 4959
226 408 343 458 ceusu
561 382 1016 462 COMMENTATIO
1084 407 1093 424 ·

223 583 268 636 est
289 571 499 654 Thucydides,
532 575 659 638 Sitnless
684 577 766 636 bello
786 575 927 638 Trihellis
947 578 1049 656 illato,
1079 589 1216 642 mortuus
1234 593 1273 643 est
1281 583 1322 667 ⁹⁵),

221 679 345 758 eiusque
369 680 524 759 expeditio
540 690 644 742 contra
665 680 840 742 Perdiccam
861 679 898 740 ad
915 682 1144 761 Epaminondae
1165 704 1264 744 annun
1275 705 1323 764 per·

221 781 308 842 tinet:
347 780 429 844 haud
461 783 552 844 dubie
589 785 669 845 inter
703 783 869 845 lliotimum
901 793 932 844 et
961 785 1149 846 Stratoolm
1182 784 1322 846 archontes

219 884 356 946 Theonis
390 885 423 947 in
450 884 579 948 Thra'cia
611 887 800 948 versabatur.
851 886 957 966 Neque
986 909 1004 947 a
1033 908 1112 950 vero
1141 887 1322 960 aberrabimus,

219 989 292 1068 quia
319 1007 374 1067 per
404 988 528 1068 longum
557 991 647 1070 po'e'ta
672 998 794 1069 tempus
814 1008 884 1050 enm
903 990 1087 1069 legationem
1108 990 1231 1052 duxisse
1248 988 1323 1068 pen

218 1089 270 1152 bel
285 1088 347 1172 ⁹⁶):

384 1205 492 1292 χρόνον
514 1207 571 1291 μὲν
592 1204 649 1276 eds
672 1205 713 1276 dv
733 1204 812 1294 ἦμεν
833 1213 867 1278 ἐν
889 1208 997 1301 Θρᾴκῃ
1015 1211 1137 1291 notris,

219 1329 244 1390 si
268 1327 397 1390 Diotimo
424 1327 571 1408 archonte
593 1331 727 1393 Athenas
749 1333 787 1394 ab
809 1332 861 1393 illo
884 1353 949 1394 esse
977 1335 1105 1396 relictas
1134 1335 1268 1394 sumimus
1289 1353 1320 1391 re

217 1431 375 1512 ditumque
398 1431 437 1492 ad
459 1431 636 1494 archontem
659 1433 899 1516 Euthydemum',
930 1437 969 1499 de
999 1459 1061 1519 quo
1084 1457 1170 1498 nuno
1188 1436 1319 1515 loquimur,

216 1536 383 1596 referimus.
427 1535 499 1596 Eius
520 1537 565 1598 rei
594 1537 676 1598 aliud
702 1538 923 1614 testimonium,
952 1561 1130 1622 quanquam
1151 1549 1253 1610 tenue,
1276 1557 1319 1594 nor

216 1637 397 1698 omittamus.
449 1639 534 1700 Inter
567 1661 616 1701 res
648 1641 838 1716 innumeras,
875 1663 953 1722 quse
983 1643 1040 1704 sibi
1070 1663 1129 1704 cor
1155 1641 1319 1702 momordisse

214 1737 431 1820 Aristophanes
454 1761 471 1800 a
494 1742 613 1805 fabulae
634 1745 722 1804 initio
744 1743 914 1826 profitetur,
936 1746 969 1806 id
985 1766 1109 1826 quoqne
1124 1745 1245 1826 profert,
1260 1740 1319 1821 qood

214 1861 308 1921 quum
329 1842 512 1923 Aeschylum
532 1846 565 1905 in
585 1846 705 1908 theatro
728 1847 981 1928 exspectarisaet‚
1015 1845 1220 1928 Theognidem
1238 1841 1317 1926 prode

214 1955 319 2005 entem
339 1945 454 2008 viderit
476 1949 600 2032 eiusque
635 1949 820 2029 tragoediam
842 1961 980 2030 spectare
1007 1961 1136 2012 coactns
1162 1949 1256 2010 fuerit.
1293 1943 1318 2002 ld

211 2065 290 2108 enno
316 2047 560 2112 Acharnensibus
582 2053 681 2115 doctis
703 2053 905 2134 praecedente
932 2053 1046 2114 factum
1068 2075 1153 2131 esse,
1187 2057 1316 2132 proptera

213 2151 392 2212 sumendum
414 2163 475 2232 est,
507 2155 576 2235 quia
600 2157 704 2237 paullo
728 2167 797 2236 post
822 2154 1040 2237 Aristophanes
1061 2166 1168 2240 aperte
1189 2153 1226 2212 ad
1242 2150 1315 2231 ipsum

211 2255 410 2332 posteriorem
433 2277 544 2318 annum
565 2261 676 2320 transit
695 2259 746 2320 his
768 2258 868 2320 verbis
886 2256 946 2341 9’);

374 2379 461 2457 τῆτες
482 2371 515 2441 δ’
537 2373 698 2443 ἀπέθανον
718 2377 772 2441 καὶ
793 2373 980 2461 διεστράφην
1002 2375 1095 2454 todo,

379 2471 431 2542 dre
453 2475 492 2560 dri
514 2479 675 2564 παρέκυψε
697 2485 807 2561 Χαῖρις

212 2603 242 2655 et
264 2613 343 2673 qnae
364 2608 543 2676 sequuntur.
587 2601 616 2660 Is
640 2610 742 2661 autem
763 2619 874 2674 annus,
895 2600 953 2659 nisi
974 2599 1082 2671 fallor,
1111 2598 1187 2657 alins
1207 2611 1262 2654 esse
1277 2606 1312 2645 ne·

211 2693 294 2772 quit,
326 2715 415 2774 quam
446 2717 506 2778 quo
535 2701 650 2762 archon
679 2713 744 2764 erat
764 2701 884 2763 Euoles.
927 2701 1019 2762 Poeta
1042 2704 1121 2762 enim
1151 2699 1187 2759 de
1206 2687 1312 2768 Theogni

209 2795 331 2854 locutus
354 2795 452 2858 ethis
475 2821 547 2863 usus
569 2805 686 2866 verbis:

375 2921 442 2993 reric
461 2916 549 2986 τοῦτ’
571 2921 665 2989 ἔσεισέ
685 2948 746 3007 μου
768 2924 867 2996 δοκεῖς
887 2918 944 3002 τήν
964 2923 1093 3005 καρδίαν
1100 2947 1111 2998 ,·

210 3033 275 3094 sine
297 3032 391 3098 dubio
414 3039 452 3098 ad
475 3039 618 3124 σεισμούς
638 3044 763 3122 alludit,
795 3041 850 3123 qui
872 3061 907 3100 so
929 3063 1027 3120 anno,
1050 3041 1172 3102 ineunte
1191 3036 1274 3096 hieme
1289 3037 1310 3086 tt

208 3145 337 3216 aestate,
367 3139 606 3222 frequentissime
630 3148 760 3208 Atticam
781 3145 916 3224 aliasque
936 3155 1033 3206 terras
1055 3124 1309 3210 concusserunt'⁸l

207 3239 270 3298 lem
300 3261 373 3304 vero
405 3257 508 3326 aperte
540 3251 626 3326 poilte
654 3259 762 3330 postes
781 3245 944 3324 indicavit,
977 3245 1088 3308 Theori
1109 3246 1271 3327 legationen
1286 3233 1309 3290 it

206 3343 283 3404 illud
311 3345 453 3410 incidisse
484 3360 617 3432 tempus,
653 3372 714 3432 quo
736 3348 886 3429 Theognis
917 3345 1042 3410 Athenis
1068 3344 1245 3428 tragoediam
1267 3336 1310 3395 do·

206 3449 313 3512 cuerit.
357 3451 452 3513 Simili
483 3453 563 3513 eninr
590 3452 709 3515 ratione
740 3453 852 3516 iterum
878 3449 959 3510 ludit
979 3450 1167 3534 eundemque
1186 3443 1305 3509 hominen

205 3551 391 3631 perstringit.
435 3551 588 3617 Theorum
613 3559 692 3618 enim
715 3555 864 3618 dicantem
885 3553 1021 3631 inducit,
1053 3574 1085 3614 ss
1113 3576 1172 3615 non
1199 3559 1252 3610 tan
1268 3539 1307 3598 dil

205 3653 237 3712 in
259 3652 388 3715 Thracia
415 3667 565 3719 moratum
596 3679 678 3736 esse,
707 3657 765 3718 nisi
794 3657 958 3718 maximum
985 3667 1015 3716 et
1042 3651 1305 3720 vehementissimum

204 3753 275 3833 gelu
303 3756 333 3814 in
363 3757 423 3819 illis
443 3760 533 3821 terris
554 3771 683 3842 propter
703 3759 905 3840 Theognidem
928 3768 1028 3820 ortum
1051 3759 1088 3818 ab
1109 3761 1212 3820 itinere
1230 3741 1306 3810 ausci-

206 3918 413 3930 ..ι-...ὴ-

222 4025 261 4095 ⁰⁸)
279 4026 401 4097 Thucyd.
419 4027 466 4094 lV,
486 4029 546 4086 tot.

221 4111 260 4180 ⁹⁸)
278 4111 409 4166 Acheron.
428 4113 487 4170 tet.

220 4197 261 4267 οἵ)
276 4197 315 4252 lb.
334 4199 368 4255 15
386 4215 461 4269 seqq.

220 4283 260 4353 ⁹⁸)
278 4284 327 4339 oh.
346 4285 478 4338 tharnn.
498 4285 538 4338 ts
573 4283 694 4355 'Ihneyd
707 4283 757 4348 111,
773 4283 818 4350 87,
836 4287 878 4340 89.
