<?xml version="1.0" encoding="UTF-8"?>
<!DOCTYPE html PUBLIC "-//W3C//DTD XHTML 1.0 Transitional//EN"
    "http://www.w3.org/TR/xhtml1/DTD/xhtml1-transitional.dtd">
<html xmlns="http://www.w3.org/1999/xhtml" xml:lang="en" lang="en">
 <head>
  <title>
</title>
<meta http-equiv="Content-Type" content="text/html;charset=utf-8" />
  <meta name='ocr-system' content='tesseract 3.04.00' />
  <meta name='ocr-capabilities' content='ocr_page ocr_carea ocr_par ocr_line ocrx_word'/>
</head>
<body>
  <div class='ocr_page' id='page_1' title='image "aristophanisplu00thiegoog_0173.png"; bbox 0 0 2784 4959; ppageno 0'>
   <div class='ocr_carea' id='block_1_1' title="bbox 305 364 1229 485">
    <p class='ocr_par' dir='ltr' id='par_1_1' title="bbox 305 364 1229 485">
     <span class='ocr_line' id='line_1_1' title="bbox 305 364 1229 485; baseline 0.005 -24"><span class='ocrx_word' id='word_1_1' title='bbox 305 387 386 461; x_wconf 83' lang='lat' dir='ltr'><strong>nn</strong></span> <span class='ocrx_word' id='word_1_2' title='bbox 409 364 846 485; x_wconf 72' lang='lat' dir='ltr'><strong>emerentianis</strong></span> <span class='ocrx_word' id='word_1_3' title='bbox 871 383 1022 461; x_wconf 76' lang='lat' dir='ltr'><strong>vira.</strong></span> <span class='ocrx_word' id='word_1_4' title='bbox 1126 412 1229 466; x_wconf 69' lang='lat' dir='ltr'><strong>cun</strong></span> 
     </span>
    </p>
   </div>
   <div class='ocr_carea' id='block_1_2' title="bbox 106 560 1285 1789">
    <p class='ocr_par' dir='ltr' id='par_1_2' title="bbox 106 560 1233 1379">
     <span class='ocr_line' id='line_1_2' title="bbox 108 560 1230 659; baseline 0 -20"><span class='ocrx_word' id='word_1_5' title='bbox 108 584 224 659; x_wconf 81' lang='lat' dir='ltr'><strong>quanta</strong></span> <span class='ocrx_word' id='word_1_6' title='bbox 243 578 417 637; x_wconf 68' lang='lat' dir='ltr'><strong>ascendia</strong></span> <span class='ocrx_word' id='word_1_7' title='bbox 437 586 512 653; x_wconf 82' lang='lat' dir='ltr'><strong>erat,</strong></span> <span class='ocrx_word' id='word_1_8' title='bbox 531 577 568 638; x_wconf 87' lang='lat' dir='ltr'><strong>iis</strong></span> <span class='ocrx_word' id='word_1_9' title='bbox 582 582 728 649; x_wconf 70' lang='lat' dir='ltr'><strong>naverunt</strong></span> <span class='ocrx_word' id='word_1_10' title='bbox 742 560 931 653; x_wconf 66' lang='lat' dir='ltr'><strong>diligentiam.</strong></span> <span class='ocrx_word' id='word_1_11' title='bbox 974 574 1230 639; x_wconf 85' lang='lat' dir='ltr'><strong>Hemsterbnsinm</strong></span> 
     </span>
     <span class='ocr_line' id='line_1_3' title="bbox 110 677 1232 763; baseline -0.002 -19"><span class='ocrx_word' id='word_1_12' title='bbox 110 681 237 763; x_wconf 81' lang='lat' dir='ltr'><strong>quidem</strong></span> <span class='ocrx_word' id='word_1_13' title='bbox 259 681 345 740; x_wconf 78' lang='lat' dir='ltr'><strong>viros</strong></span> <span class='ocrx_word' id='word_1_14' title='bbox 364 678 648 762; x_wconf 75' lang='lat' dir='ltr'>reprehendentem,</span> <span class='ocrx_word' id='word_1_15' title='bbox 679 677 735 757; x_wconf 89' lang='lat' dir='ltr'><strong>qni</strong></span> <span class='ocrx_word' id='word_1_16' title='bbox 761 698 828 739; x_wconf 86' lang='lat' dir='ltr'><strong>eum</strong></span> <span class='ocrx_word' id='word_1_17' title='bbox 855 677 887 737; x_wconf 91' lang='lat' dir='ltr'><strong>in</strong></span> <span class='ocrx_word' id='word_1_18' title='bbox 915 677 1035 739; x_wconf 87' lang='lat' dir='ltr'><strong>modum</strong></span> <span class='ocrx_word' id='word_1_19' title='bbox 1063 677 1176 739; x_wconf 88' lang='lat' dir='ltr'><strong>scholia</strong></span> <span class='ocrx_word' id='word_1_20' title='bbox 1198 682 1232 743; x_wconf 90' lang='lat' dir='ltr'><strong>in</strong></span> 
     </span>
     <span class='ocr_line' id='line_1_4' title="bbox 106 780 1232 863; baseline 0 -21"><span class='ocrx_word' id='word_1_21' title='bbox 106 792 401 863; x_wconf 62' lang='lat' dir='ltr'><strong>partesuocarent,</strong></span> <span class='ocrx_word' id='word_1_22' title='bbox 427 783 513 861; x_wconf 86' lang='lat' dir='ltr'><strong>qnasi</strong></span> <span class='ocrx_word' id='word_1_23' title='bbox 537 782 635 841; x_wconf 89' lang='lat' dir='ltr'><strong>omnia</strong></span> <span class='ocrx_word' id='word_1_24' title='bbox 655 782 755 841; x_wconf 81' lang='lat' dir='ltr'><strong>forent</strong></span> <span class='ocrx_word' id='word_1_25' title='bbox 778 782 863 841; x_wconf 90' lang='lat' dir='ltr'><strong>unius</strong></span> <span class='ocrx_word' id='word_1_26' title='bbox 884 781 1017 841; x_wconf 88' lang='lat' dir='ltr'><strong>auctoris</strong></span> <span class='ocrx_word' id='word_1_27' title='bbox 1039 780 1232 861; x_wconf 84' lang='lat' dir='ltr'><strong>eiusdemque</strong></span> 
     </span>
     <span class='ocr_line' id='line_1_5' title="bbox 106 881 1231 965; baseline 0 -20"><span class='ocrx_word' id='word_1_28' title='bbox 106 884 204 964; x_wconf 86' lang='lat' dir='ltr'><strong>pretii</strong></span> <span class='ocrx_word' id='word_1_29' title='bbox 224 881 291 965; x_wconf 77' lang='lat'><strong>³⁷),</strong></span> <span class='ocrx_word' id='word_1_30' title='bbox 321 893 469 944; x_wconf 76' lang='lat' dir='ltr'><strong>nostrates</strong></span> <span class='ocrx_word' id='word_1_31' title='bbox 499 886 684 947; x_wconf 85' lang='lat' dir='ltr'><strong>audiverunt</strong></span> <span class='ocrx_word' id='word_1_32' title='bbox 726 884 837 943; x_wconf 88' lang='lat' dir='ltr'><strong>Tamen</strong></span> <span class='ocrx_word' id='word_1_33' title='bbox 867 904 884 941; x_wconf 89' lang='lat' dir='ltr'><strong>a</strong></span> <span class='ocrx_word' id='word_1_34' title='bbox 914 883 1064 963; x_wconf 88' lang='lat' dir='ltr'><strong>plerisque</strong></span> <span class='ocrx_word' id='word_1_35' title='bbox 1097 884 1231 945; x_wconf 90' lang='lat' dir='ltr'><strong>nondum</strong></span> 
     </span>
     <span class='ocr_line' id='line_1_6' title="bbox 107 984 1231 1067; baseline 0 -22"><span class='ocrx_word' id='word_1_36' title='bbox 107 987 205 1047; x_wconf 87' lang='lat' dir='ltr'><strong>credo</strong></span> <span class='ocrx_word' id='word_1_37' title='bbox 229 997 293 1047; x_wconf 82' lang='lat' dir='ltr'><strong>tam</strong></span> <span class='ocrx_word' id='word_1_38' title='bbox 314 996 453 1047; x_wconf 85' lang='lat' dir='ltr'><strong>accurate</strong></span> <span class='ocrx_word' id='word_1_39' title='bbox 474 1006 537 1048; x_wconf 88' lang='lat' dir='ltr'><strong>esse</strong></span> <span class='ocrx_word' id='word_1_40' title='bbox 557 1007 620 1062; x_wconf 79' lang='lat' dir='ltr'><strong>rem</strong></span> <span class='ocrx_word' id='word_1_41' title='bbox 641 984 833 1067; x_wconf 87' lang='lat' dir='ltr'><strong>pensitatam,</strong></span> <span class='ocrx_word' id='word_1_42' title='bbox 858 994 975 1044; x_wconf 90' lang='lat' dir='ltr'><strong>utnon</strong></span> <span class='ocrx_word' id='word_1_43' title='bbox 998 1005 1113 1045; x_wconf 82' lang='lat' dir='ltr'><strong>errores</strong></span> <span class='ocrx_word' id='word_1_44' title='bbox 1136 984 1231 1066; x_wconf 69' lang='lat' dir='ltr'><strong>inter·</strong></span> 
     </span>
     <span class='ocr_line' id='line_1_7' title="bbox 107 1086 1233 1169; baseline 0 -22"><span class='ocrx_word' id='word_1_45' title='bbox 107 1088 187 1147; x_wconf 89' lang='lat' dir='ltr'><strong>dum</strong></span> <span class='ocrx_word' id='word_1_46' title='bbox 212 1087 375 1148; x_wconf 78' lang='lat' dir='ltr'><strong>admittant</strong></span> <span class='ocrx_word' id='word_1_47' title='bbox 395 1088 555 1148; x_wconf 76' lang='lat' dir='ltr'><strong>admodum</strong></span> <span class='ocrx_word' id='word_1_48' title='bbox 576 1107 692 1167; x_wconf 60' lang='lat' dir='ltr'><strong>mares.</strong></span> <span class='ocrx_word' id='word_1_49' title='bbox 735 1087 777 1147; x_wconf 80' lang='lat' dir='ltr'><strong>Ac</strong></span> <span class='ocrx_word' id='word_1_50' title='bbox 799 1087 935 1169; x_wconf 82' lang='lat' dir='ltr'><strong>proiecto</strong></span> <span class='ocrx_word' id='word_1_51' title='bbox 956 1090 1021 1167; x_wconf 86' lang='lat' dir='ltr'><strong>ipse</strong></span> <span class='ocrx_word' id='word_1_52' title='bbox 1037 1086 1233 1149; x_wconf 80' lang='lat' dir='ltr'><strong>Hematerhu-</strong></span> 
     </span>
     <span class='ocr_line' id='line_1_8' title="bbox 106 1176 1233 1273; baseline 0.002 -24"><span class='ocrx_word' id='word_1_53' title='bbox 106 1190 192 1264; x_wconf 88' lang='lat' dir='ltr'><strong>sius,</strong></span> <span class='ocrx_word' id='word_1_54' title='bbox 215 1176 266 1250; x_wconf 76' lang='lat' dir='ltr'><strong>rir</strong></span> <span class='ocrx_word' id='word_1_55' title='bbox 287 1210 430 1268; x_wconf 87' lang='lat' dir='ltr'><strong>summus,</strong></span> <span class='ocrx_word' id='word_1_56' title='bbox 451 1188 525 1258; x_wconf 86' lang='lat' dir='ltr'><strong>mihi</strong></span> <span class='ocrx_word' id='word_1_57' title='bbox 547 1191 667 1273; x_wconf 87' lang='lat' dir='ltr'><strong>quidem</strong></span> <span class='ocrx_word' id='word_1_58' title='bbox 692 1189 814 1251; x_wconf 78' lang='lat' dir='ltr'><strong>uidetur</strong></span> <span class='ocrx_word' id='word_1_59' title='bbox 835 1210 895 1251; x_wconf 90' lang='lat' dir='ltr'><strong>uon</strong></span> <span class='ocrx_word' id='word_1_60' title='bbox 920 1209 1037 1269; x_wconf 73' lang='lat' dir='ltr'><strong>semper</strong></span> <span class='ocrx_word' id='word_1_61' title='bbox 1058 1198 1140 1252; x_wconf 82' lang='lat' dir='ltr'><strong>centa</strong></span> <span class='ocrx_word' id='word_1_62' title='bbox 1161 1210 1233 1271; x_wconf 86' lang='lat' dir='ltr'><strong>pro-</strong></span> 
     </span>
     <span class='ocr_line' id='line_1_9' title="bbox 106 1293 821 1379; baseline -0.001 -27"><span class='ocrx_word' id='word_1_63' title='bbox 106 1310 235 1371; x_wconf 78' lang='lat' dir='ltr'><strong>gressus</strong></span> <span class='ocrx_word' id='word_1_64' title='bbox 259 1312 323 1354; x_wconf 87' lang='lat' dir='ltr'><strong>esse</strong></span> <span class='ocrx_word' id='word_1_65' title='bbox 344 1293 403 1355; x_wconf 84' lang='lat' dir='ltr'><strong>via.</strong></span> <span class='ocrx_word' id='word_1_66' title='bbox 814 1366 821 1379; x_wconf 73' lang='lat'><strong>,</strong></span> 
     </span>
    </p>

    <p class='ocr_par' dir='ltr' id='par_1_3' title="bbox 109 1389 1285 1789">
     <span class='ocr_line' id='line_1_10' title="bbox 201 1389 1285 1484; baseline 0.004 -29"><span class='ocrx_word' id='word_1_67' title='bbox 201 1389 418 1477; x_wconf 74' lang='lat' dir='ltr'><strong>Aristophanes</strong></span> <span class='ocrx_word' id='word_1_68' title='bbox 444 1402 534 1476; x_wconf 75' lang='lat' dir='ltr'><strong>podta</strong></span> <span class='ocrx_word' id='word_1_69' title='bbox 566 1419 657 1480; x_wconf 91' lang='lat' dir='ltr'><strong>quum</strong></span> <span class='ocrx_word' id='word_1_70' title='bbox 682 1397 742 1459; x_wconf 78' lang='lat' dir='ltr'><strong>iarn</strong></span> <span class='ocrx_word' id='word_1_71' title='bbox 764 1396 801 1457; x_wconf 89' lang='lat' dir='ltr'><strong>ab</strong></span> <span class='ocrx_word' id='word_1_72' title='bbox 823 1394 995 1477; x_wconf 75' lang='lat' dir='ltr'><strong>aequalibus</strong></span> <span class='ocrx_word' id='word_1_73' title='bbox 1016 1396 1114 1475; x_wconf 79' lang='lat' dir='ltr'><strong>magni</strong></span> <span class='ocrx_word' id='word_1_74' title='bbox 1135 1402 1233 1459; x_wconf 87' lang='lat' dir='ltr'><strong>tactus</strong></span> <span class='ocrx_word' id='word_1_75' title='bbox 1280 1476 1285 1484; x_wconf 22' lang='lat'>²</span> 
     </span>
     <span class='ocr_line' id='line_1_11' title="bbox 109 1498 1245 1580; baseline 0.003 -22"><span class='ocrx_word' id='word_1_76' title='bbox 109 1508 208 1559; x_wconf 69' lang='lat' dir='ltr'><strong>meets</strong></span> <span class='ocrx_word' id='word_1_77' title='bbox 229 1522 249 1557; x_wconf 90' lang='lat' dir='ltr'><strong>a</strong></span> <span class='ocrx_word' id='word_1_78' title='bbox 265 1498 396 1580; x_wconf 86' lang='lat' dir='ltr'><strong>posteris</strong></span> <span class='ocrx_word' id='word_1_79' title='bbox 411 1519 471 1559; x_wconf 91' lang='lat' dir='ltr'><strong>non</strong></span> <span class='ocrx_word' id='word_1_80' title='bbox 491 1502 589 1561; x_wconf 89' lang='lat' dir='ltr'><strong>minus</strong></span> <span class='ocrx_word' id='word_1_81' title='bbox 605 1509 650 1561; x_wconf 85' lang='lat' dir='ltr'><strong>est</strong></span> <span class='ocrx_word' id='word_1_82' title='bbox 665 1500 801 1561; x_wconf 88' lang='lat' dir='ltr'><strong>dilectus.</strong></span> <span class='ocrx_word' id='word_1_83' title='bbox 825 1499 920 1573; x_wconf 84' lang='lat' dir='ltr'><strong>Quam</strong></span> <span class='ocrx_word' id='word_1_84' title='bbox 935 1499 973 1559; x_wconf 86' lang='lat' dir='ltr'><strong>nb</strong></span> <span class='ocrx_word' id='word_1_85' title='bbox 992 1520 1245 1579; x_wconf 63' lang='lat' dir='ltr'><strong>caussamqnum,</strong></span> 
     </span>
     <span class='ocr_line' id='line_1_12' title="bbox 116 1601 1235 1679; baseline 0 -20"><span class='ocrx_word' id='word_1_86' title='bbox 116 1620 169 1659; x_wconf 85' lang='lat' dir='ltr'><strong>ara</strong></span> <span class='ocrx_word' id='word_1_87' title='bbox 190 1601 296 1661; x_wconf 85' lang='lat' dir='ltr'><strong>critica</strong></span> <span class='ocrx_word' id='word_1_88' title='bbox 320 1610 358 1664; x_wconf 84' lang='lat' dir='ltr'><strong>et.</strong></span> <span class='ocrx_word' id='word_1_89' title='bbox 370 1603 561 1679; x_wconf 83' lang='lat' dir='ltr'><strong>grammatica</strong></span> <span class='ocrx_word' id='word_1_90' title='bbox 582 1612 651 1661; x_wconf 85' lang='lat' dir='ltr'><strong>nata</strong></span> <span class='ocrx_word' id='word_1_91' title='bbox 678 1610 708 1662; x_wconf 91' lang='lat' dir='ltr'><strong>et</strong></span> <span class='ocrx_word' id='word_1_92' title='bbox 729 1601 798 1661; x_wconf 85' lang='lat' dir='ltr'><strong>satis</strong></span> <span class='ocrx_word' id='word_1_93' title='bbox 820 1602 875 1663; x_wconf 92' lang='lat' dir='ltr'><strong>diu</strong></span> <span class='ocrx_word' id='word_1_94' title='bbox 894 1602 927 1661; x_wconf 91' lang='lat' dir='ltr'><strong>in</strong></span> <span class='ocrx_word' id='word_1_95' title='bbox 946 1602 1068 1665; x_wconf 89' lang='lat' dir='ltr'><strong>Homeri</strong></span> <span class='ocrx_word' id='word_1_96' title='bbox 1091 1602 1235 1663; x_wconf 87' lang='lat' dir='ltr'><strong>carmini-</strong></span> 
     </span>
     <span class='ocr_line' id='line_1_13' title="bbox 115 1688 1234 1789; baseline 0.005 -28"><span class='ocrx_word' id='word_1_97' title='bbox 115 1700 178 1761; x_wconf 88' lang='lat' dir='ltr'><strong>bus</strong></span> <span class='ocrx_word' id='word_1_98' title='bbox 206 1688 399 1763; x_wconf 69' lang='lat' dir='ltr'><strong>emendandis</strong></span> <span class='ocrx_word' id='word_1_99' title='bbox 425 1714 455 1765; x_wconf 87' lang='lat' dir='ltr'><strong>et</strong></span> <span class='ocrx_word' id='word_1_100' title='bbox 482 1702 668 1785; x_wconf 83' lang='lat' dir='ltr'><strong>explicandis</strong></span> <span class='ocrx_word' id='word_1_101' title='bbox 697 1714 814 1763; x_wconf 86' lang='lat' dir='ltr'><strong>versata</strong></span> <span class='ocrx_word' id='word_1_102' title='bbox 843 1714 919 1763; x_wconf 90' lang='lat' dir='ltr'><strong>esset</strong></span> <span class='ocrx_word' id='word_1_103' title='bbox 940 1702 998 1783; x_wconf 71' lang='grc'><strong>88),</strong></span> <span class='ocrx_word' id='word_1_104' title='bbox 1030 1705 1167 1789; x_wconf 74' lang='lat' dir='ltr'><strong>celeriter</strong></span> <span class='ocrx_word' id='word_1_105' title='bbox 1196 1702 1234 1767; x_wconf 76' lang='lat' dir='ltr'><strong>ad</strong></span> 
     </span>
    </p>
   </div>
   <div class='ocr_carea' id='block_1_3' title="bbox 114 1796 1336 1889">
    <p class='ocr_par' dir='ltr' id='par_1_4' title="bbox 114 1796 1336 1889">
     <span class='ocr_line' id='line_1_14' title="bbox 114 1796 1336 1889; baseline 0.003 -26"><span class='ocrx_word' id='word_1_106' title='bbox 114 1802 251 1865; x_wconf 83' lang='lat' dir='ltr'><strong>comicos</strong></span> <span class='ocrx_word' id='word_1_107' title='bbox 272 1811 402 1885; x_wconf 63' lang='lat' dir='ltr'><strong>patim,</strong></span> <span class='ocrx_word' id='word_1_108' title='bbox 432 1816 462 1866; x_wconf 90' lang='lat' dir='ltr'><strong>et</strong></span> <span class='ocrx_word' id='word_1_109' title='bbox 488 1806 520 1866; x_wconf 92' lang='lat' dir='ltr'><strong>in</strong></span> <span class='ocrx_word' id='word_1_110' title='bbox 550 1805 658 1865; x_wconf 87' lang='lat' dir='ltr'><strong>borum</strong></span> <span class='ocrx_word' id='word_1_111' title='bbox 685 1826 810 1867; x_wconf 88' lang='lat' dir='ltr'><strong>numero</strong></span> <span class='ocrx_word' id='word_1_112' title='bbox 832 1807 977 1887; x_wconf 87' lang='lat' dir='ltr'><strong>imprimis</strong></span> <span class='ocrx_word' id='word_1_113' title='bbox 998 1807 1037 1866; x_wconf 90' lang='lat' dir='ltr'><strong>ad</strong></span> <span class='ocrx_word' id='word_1_114' title='bbox 1061 1804 1234 1887; x_wconf 77' lang='lat' dir='ltr'><strong>Aristopba-</strong></span> <span class='ocrx_word' id='word_1_115' title='bbox 1319 1796 1336 1889; x_wconf 27' lang='grc' dir='ltr'>ἰ</span> 
     </span>
    </p>
   </div>
   <div class='ocr_carea' id='block_1_4' title="bbox 74 1906 1236 2094">
    <p class='ocr_par' dir='ltr' id='par_1_5' title="bbox 74 1906 1236 2094">
     <span class='ocr_line' id='line_1_15' title="bbox 109 1906 1235 1987; baseline 0.003 -23"><span class='ocrx_word' id='word_1_116' title='bbox 109 1926 183 1965; x_wconf 89' lang='lat' dir='ltr'><strong>nem</strong></span> <span class='ocrx_word' id='word_1_117' title='bbox 206 1908 333 1967; x_wconf 79' lang='lat' dir='ltr'><strong>transiit.</strong></span> <span class='ocrx_word' id='word_1_118' title='bbox 377 1906 520 1986; x_wconf 80' lang='lat' dir='ltr'><strong>Accedit,</strong></span> <span class='ocrx_word' id='word_1_119' title='bbox 552 1908 632 1987; x_wconf 87' lang='lat' dir='ltr'><strong>qnod</strong></span> <span class='ocrx_word' id='word_1_120' title='bbox 653 1909 832 1978; x_wconf 83' lang='lat' dir='ltr'><strong>nascebatur</strong></span> <span class='ocrx_word' id='word_1_121' title='bbox 853 1909 1010 1973; x_wconf 81' lang='lat' dir='ltr'><strong>vehemens</strong></span> <span class='ocrx_word' id='word_1_122' title='bbox 1033 1930 1132 1987; x_wconf 86' lang='lat' dir='ltr'><strong>emor,</strong></span> <span class='ocrx_word' id='word_1_123' title='bbox 1162 1907 1235 1967; x_wconf 81' lang='lat' dir='ltr'><strong>civi·</strong></span> 
     </span>
     <span class='ocr_line' id='line_1_16' title="bbox 74 2007 1236 2094; baseline 0.004 -28"><span class='ocrx_word' id='word_1_124' title='bbox 74 2015 79 2030; x_wconf 89' lang='grc'><em>“</em></span> <span class='ocrx_word' id='word_1_125' title='bbox 110 2016 213 2067; x_wconf 87' lang='lat' dir='ltr'><strong>tatum</strong></span> <span class='ocrx_word' id='word_1_126' title='bbox 234 2007 393 2069; x_wconf 77' lang='lat' dir='ltr'><strong>historiam</strong></span> <span class='ocrx_word' id='word_1_127' title='bbox 414 2021 444 2071; x_wconf 90' lang='lat' dir='ltr'><strong>st</strong></span> <span class='ocrx_word' id='word_1_128' title='bbox 463 2011 545 2071; x_wconf 88' lang='lat' dir='ltr'><strong>inter</strong></span> <span class='ocrx_word' id='word_1_129' title='bbox 566 2030 616 2069; x_wconf 86' lang='lat' dir='ltr'><strong>eas</strong></span> <span class='ocrx_word' id='word_1_130' title='bbox 639 2010 829 2088; x_wconf 73' lang='lat' dir='ltr'><strong>Atheniensis</strong></span> <span class='ocrx_word' id='word_1_131' title='bbox 849 2012 1034 2094; x_wconf 86' lang='lat' dir='ltr'><strong>reipublicae</strong></span> <span class='ocrx_word' id='word_1_132' title='bbox 1056 2030 1236 2094; x_wconf 76' lang='lat' dir='ltr'><strong>cqgnoscen-</strong></span> 
     </span>
    </p>
   </div>
   <div class='ocr_carea' id='block_1_5' title="bbox 112 2102 1342 2195">
    <p class='ocr_par' dir='ltr' id='par_1_6' title="bbox 112 2102 1342 2195">
     <span class='ocr_line' id='line_1_17' title="bbox 112 2102 1342 2195; baseline 0.002 -26"><span class='ocrx_word' id='word_1_133' title='bbox 112 2108 165 2185; x_wconf 88' lang='lat' dir='ltr'><strong>di,</strong></span> <span class='ocrx_word' id='word_1_134' title='bbox 189 2131 208 2169; x_wconf 84' lang='lat' dir='ltr'><strong>a</strong></span> <span class='ocrx_word' id='word_1_135' title='bbox 235 2110 309 2169; x_wconf 82' lang='lat' dir='ltr'><strong>viris</strong></span> <span class='ocrx_word' id='word_1_136' title='bbox 331 2112 538 2174; x_wconf 87' lang='lat' dir='ltr'><strong>eruditissimis</strong></span> <span class='ocrx_word' id='word_1_137' title='bbox 560 2112 706 2185; x_wconf 80' lang='lat' dir='ltr'><strong>excitatus</strong></span> <span class='ocrx_word' id='word_1_138' title='bbox 729 2124 758 2173; x_wconf 91' lang='lat' dir='ltr'><strong>et</strong></span> <span class='ocrx_word' id='word_1_139' title='bbox 778 2116 923 2179; x_wconf 82' lang='lat' dir='ltr'><strong>nutritus:</strong></span> <span class='ocrx_word' id='word_1_140' title='bbox 948 2135 1009 2195; x_wconf 88' lang='lat' dir='ltr'><strong>quo</strong></span> <span class='ocrx_word' id='word_1_141' title='bbox 1028 2114 1079 2194; x_wconf 91' lang='lat' dir='ltr'><strong>qui</strong></span> <span class='ocrx_word' id='word_1_142' title='bbox 1095 2113 1236 2175; x_wconf 86' lang='lat' dir='ltr'><strong>commoti</strong></span> <span class='ocrx_word' id='word_1_143' title='bbox 1339 2102 1342 2111; x_wconf 51' lang='lat'><strong>⁴</strong></span> 
     </span>
    </p>
   </div>
   <div class='ocr_carea' id='block_1_6' title="bbox 111 2213 1276 2500">
    <p class='ocr_par' dir='ltr' id='par_1_7' title="bbox 111 2213 1276 2500">
     <span class='ocr_line' id='line_1_18' title="bbox 112 2213 1276 2295; baseline 0 -22"><span class='ocrx_word' id='word_1_144' title='bbox 112 2223 219 2289; x_wconf 73' lang='lat' dir='ltr'><strong>mant,</strong></span> <span class='ocrx_word' id='word_1_145' title='bbox 247 2213 309 2293; x_wconf 91' lang='lat' dir='ltr'><strong>ipsi</strong></span> <span class='ocrx_word' id='word_1_146' title='bbox 335 2214 375 2273; x_wconf 91' lang='lat' dir='ltr'><strong>ad</strong></span> <span class='ocrx_word' id='word_1_147' title='bbox 400 2217 530 2275; x_wconf 79' lang='lat' dir='ltr'><strong>nomicos</strong></span> <span class='ocrx_word' id='word_1_148' title='bbox 558 2220 663 2295; x_wconf 77' lang='lat' dir='ltr'><strong>poetas</strong></span> <span class='ocrx_word' id='word_1_149' title='bbox 685 2215 907 2277; x_wconf 79' lang='lat' dir='ltr'><strong>deferebantur.</strong></span> <span class='ocrx_word' id='word_1_150' title='bbox 959 2219 1061 2295; x_wconf 83' lang='lat' dir='ltr'><strong>Neque</strong></span> <span class='ocrx_word' id='word_1_151' title='bbox 1083 2216 1237 2283; x_wconf 80' lang='lat' dir='ltr'><strong>doctrinae</strong></span> <span class='ocrx_word' id='word_1_152' title='bbox 1275 2248 1276 2257; x_wconf 28' lang='grc' dir='ltr'><strong>κ</strong></span> 
     </span>
     <span class='ocr_line' id='line_1_19' title="bbox 113 2316 1237 2399; baseline 0.003 -25"><span class='ocrx_word' id='word_1_153' title='bbox 113 2316 366 2391; x_wconf 73' lang='lat' dir='ltr'><strong>ostentationem,</strong></span> <span class='ocrx_word' id='word_1_154' title='bbox 397 2337 504 2396; x_wconf 75' lang='lat' dir='ltr'><strong>quam,</strong></span> <span class='ocrx_word' id='word_1_155' title='bbox 525 2318 578 2399; x_wconf 89' lang='lat' dir='ltr'><strong>qui</strong></span> <span class='ocrx_word' id='word_1_156' title='bbox 603 2316 738 2377; x_wconf 85' lang='lat' dir='ltr'><strong>Comicos</strong></span> <span class='ocrx_word' id='word_1_157' title='bbox 761 2318 967 2397; x_wconf 83' lang='lat' dir='ltr'><strong>explicabant,</strong></span> <span class='ocrx_word' id='word_1_158' title='bbox 998 2339 1087 2399; x_wconf 86' lang='lat' dir='ltr'><strong>quem</strong></span> <span class='ocrx_word' id='word_1_159' title='bbox 1109 2317 1237 2377; x_wconf 81' lang='lat' dir='ltr'><strong>maxime</strong></span> 
     </span>
     <span class='ocr_line' id='line_1_20' title="bbox 111 2418 1264 2500; baseline -0.001 -22"><span class='ocrx_word' id='word_1_160' title='bbox 111 2418 250 2499; x_wconf 83' lang='lat' dir='ltr'><strong>probare</strong></span> <span class='ocrx_word' id='word_1_161' title='bbox 271 2427 428 2498; x_wconf 85' lang='lat' dir='ltr'><strong>poterant,</strong></span> <span class='ocrx_word' id='word_1_162' title='bbox 456 2420 488 2479; x_wconf 88' lang='lat' dir='ltr'><strong>in</strong></span> <span class='ocrx_word' id='word_1_163' title='bbox 516 2422 628 2482; x_wconf 87' lang='lat' dir='ltr'><strong>caussis</strong></span> <span class='ocrx_word' id='word_1_164' title='bbox 652 2420 817 2500; x_wconf 87' lang='lat' dir='ltr'><strong>praeterire</strong></span> <span class='ocrx_word' id='word_1_165' title='bbox 839 2420 917 2484; x_wconf 85' lang='lat' dir='ltr'><strong>licet.</strong></span> <span class='ocrx_word' id='word_1_166' title='bbox 959 2419 1027 2479; x_wconf 86' lang='lat' dir='ltr'><strong>Non</strong></span> <span class='ocrx_word' id='word_1_167' title='bbox 1049 2419 1107 2479; x_wconf 89' lang='lat' dir='ltr'><strong>dici</strong></span> <span class='ocrx_word' id='word_1_168' title='bbox 1129 2426 1237 2497; x_wconf 83' lang='lat' dir='ltr'><strong>potest,</strong></span> <span class='ocrx_word' id='word_1_169' title='bbox 1254 2465 1264 2489; x_wconf 89' lang='grc'><strong>.,</strong></span> 
     </span>
    </p>
   </div>
   <div class='ocr_carea' id='block_1_7' title="bbox 115 2520 1238 2705">
    <p class='ocr_par' dir='ltr' id='par_1_8' title="bbox 115 2520 1238 2705">
     <span class='ocr_line' id='line_1_21' title="bbox 115 2520 1238 2603; baseline -0.002 -24"><span class='ocrx_word' id='word_1_170' title='bbox 115 2529 231 2599; x_wconf 87' lang='lat' dir='ltr'><strong>quanta</strong></span> <span class='ocrx_word' id='word_1_171' title='bbox 255 2520 402 2581; x_wconf 85' lang='lat' dir='ltr'><strong>librorum</strong></span> <span class='ocrx_word' id='word_1_172' title='bbox 425 2523 512 2603; x_wconf 84' lang='lat' dir='ltr'><strong>copia</strong></span> <span class='ocrx_word' id='word_1_173' title='bbox 534 2524 604 2584; x_wconf 92' lang='lat' dir='ltr'><strong>inde</strong></span> <span class='ocrx_word' id='word_1_174' title='bbox 627 2532 691 2584; x_wconf 87' lang='lat' dir='ltr'><strong>orta</strong></span> <span class='ocrx_word' id='word_1_175' title='bbox 713 2524 813 2595; x_wconf 84' lang='lat' dir='ltr'><strong>suerit.</strong></span> <span class='ocrx_word' id='word_1_176' title='bbox 857 2522 915 2583; x_wconf 80' lang='lat' dir='ltr'><strong>Alii</strong></span> <span class='ocrx_word' id='word_1_177' title='bbox 937 2521 1238 2591; x_wconf 60' lang='lat' dir='ltr'><strong>commentationem</strong></span> 
     </span>
     <span class='ocr_line' id='line_1_22' title="bbox 116 2622 1238 2705; baseline 0.002 -24"><span class='ocrx_word' id='word_1_178' title='bbox 116 2624 251 2699; x_wconf 82' lang='lat' dir='ltr'><strong>egeticos</strong></span> <span class='ocrx_word' id='word_1_179' title='bbox 273 2622 440 2701; x_wconf 85' lang='lat' dir='ltr'><strong>scripsere;</strong></span> <span class='ocrx_word' id='word_1_180' title='bbox 470 2624 633 2703; x_wconf 87' lang='lat' dir='ltr'><strong>singulares</strong></span> <span class='ocrx_word' id='word_1_181' title='bbox 658 2626 752 2687; x_wconf 87' lang='lat' dir='ltr'><strong>libros</strong></span> <span class='ocrx_word' id='word_1_182' title='bbox 780 2626 817 2687; x_wconf 87' lang='lat' dir='ltr'><strong>dc</strong></span> <span class='ocrx_word' id='word_1_183' title='bbox 845 2626 935 2686; x_wconf 87' lang='lat' dir='ltr'><strong>rebus</strong></span> <span class='ocrx_word' id='word_1_184' title='bbox 966 2626 1003 2685; x_wconf 86' lang='lat' dir='ltr'><strong>ad</strong></span> <span class='ocrx_word' id='word_1_185' title='bbox 1026 2631 1145 2705; x_wconf 80' lang='lat' dir='ltr'><strong>potitam</strong></span> <span class='ocrx_word' id='word_1_186' title='bbox 1168 2641 1238 2703; x_wconf 77' lang='lat' dir='ltr'><strong>spe·</strong></span> 
     </span>
    </p>
   </div>
   <div class='ocr_carea' id='block_1_8' title="bbox 114 2724 1272 3125">
    <p class='ocr_par' dir='ltr' id='par_1_9' title="bbox 114 2724 1272 3125">
     <span class='ocr_line' id='line_1_23' title="bbox 117 2724 1238 2807; baseline 0 -23"><span class='ocrx_word' id='word_1_187' title='bbox 117 2726 270 2786; x_wconf 88' lang='lat' dir='ltr'><strong>ctantibus</strong></span> <span class='ocrx_word' id='word_1_188' title='bbox 294 2738 529 2807; x_wconf 85' lang='lat' dir='ltr'><strong>composnerunt</strong></span> <span class='ocrx_word' id='word_1_189' title='bbox 549 2729 608 2789; x_wconf 87' lang='lat' dir='ltr'><strong>alii.</strong></span> <span class='ocrx_word' id='word_1_190' title='bbox 652 2730 713 2789; x_wconf 89' lang='lat' dir='ltr'><strong>Sed</strong></span> <span class='ocrx_word' id='word_1_191' title='bbox 740 2748 841 2790; x_wconf 89' lang='lat' dir='ltr'><strong>omnes</strong></span> <span class='ocrx_word' id='word_1_192' title='bbox 869 2729 918 2789; x_wconf 90' lang='lat' dir='ltr'><strong>illa</strong></span> <span class='ocrx_word' id='word_1_193' title='bbox 938 2738 1033 2789; x_wconf 87' lang='lat' dir='ltr'><strong>aetate</strong></span> <span class='ocrx_word' id='word_1_194' title='bbox 1055 2727 1180 2806; x_wconf 86' lang='lat' dir='ltr'><strong>scriptos</strong></span> <span class='ocrx_word' id='word_1_195' title='bbox 1201 2724 1238 2785; x_wconf 90' lang='lat' dir='ltr'><strong>li·</strong></span> 
     </span>
     <span class='ocr_line' id='line_1_24' title="bbox 114 2824 1272 2911; baseline 0.001 -25"><span class='ocrx_word' id='word_1_196' title='bbox 114 2825 187 2887; x_wconf 87' lang='lat' dir='ltr'><strong>bros</strong></span> <span class='ocrx_word' id='word_1_197' title='bbox 216 2828 526 2908; x_wconf 77' lang='lat' dir='ltr'><strong>iniuriatemporum</strong></span> <span class='ocrx_word' id='word_1_198' title='bbox 554 2830 715 2895; x_wconf 85' lang='lat' dir='ltr'><strong>amisimus.</strong></span> <span class='ocrx_word' id='word_1_199' title='bbox 768 2830 952 2893; x_wconf 74' lang='lat' dir='ltr'><strong>scholiastae</strong></span> <span class='ocrx_word' id='word_1_200' title='bbox 978 2839 1155 2911; x_wconf 81' lang='lat' dir='ltr'><strong>supersunt,</strong></span> <span class='ocrx_word' id='word_1_201' title='bbox 1186 2824 1239 2909; x_wconf 89' lang='lat' dir='ltr'><strong>qui</strong></span> <span class='ocrx_word' id='word_1_202' title='bbox 1268 2868 1272 2875; x_wconf 86' lang='lat'><em>·</em></span> 
     </span>
     <span class='ocr_line' id='line_1_25' title="bbox 117 2929 1240 3013; baseline 0.001 -23"><span class='ocrx_word' id='word_1_203' title='bbox 117 2931 326 3011; x_wconf 84' lang='lat' dir='ltr'><strong>antiquiorum</strong></span> <span class='ocrx_word' id='word_1_204' title='bbox 347 2929 455 3011; x_wconf 88' lang='lat' dir='ltr'><strong>opibus</strong></span> <span class='ocrx_word' id='word_1_205' title='bbox 478 2942 604 2994; x_wconf 85' lang='lat' dir='ltr'><strong>utuntur</strong></span> <span class='ocrx_word' id='word_1_206' title='bbox 625 2934 791 3013; x_wconf 88' lang='lat' dir='ltr'><strong>interdum,</strong></span> <span class='ocrx_word' id='word_1_207' title='bbox 819 2936 970 3006; x_wconf 69' lang='lat' dir='ltr'><strong>interdum</strong></span> <span class='ocrx_word' id='word_1_208' title='bbox 992 2935 1172 3007; x_wconf 85' lang='lat' dir='ltr'><strong>abutuntur,</strong></span> <span class='ocrx_word' id='word_1_209' title='bbox 1204 2950 1240 2991; x_wconf 85' lang='lat' dir='ltr'><strong>ac</strong></span> 
     </span>
     <span class='ocr_line' id='line_1_26' title="bbox 117 3031 1240 3125; baseline 0.002 -34"><span class='ocrx_word' id='word_1_210' title='bbox 117 3031 231 3091; x_wconf 69' lang='lat' dir='ltr'><strong>aenan</strong></span> <span class='ocrx_word' id='word_1_211' title='bbox 259 3042 330 3092; x_wconf 86' lang='lat' dir='ltr'><strong>sunt</strong></span> <span class='ocrx_word' id='word_1_212' title='bbox 359 3052 426 3091; x_wconf 91' lang='lat' dir='ltr'><strong>cnm</strong></span> <span class='ocrx_word' id='word_1_213' title='bbox 454 3032 526 3114; x_wconf 86' lang='lat' dir='ltr'><strong>ipsis</strong></span> <span class='ocrx_word' id='word_1_214' title='bbox 553 3036 761 3117; x_wconf 74' lang='lat' dir='ltr'><strong>Aristophanis</strong></span> <span class='ocrx_word' id='word_1_215' title='bbox 790 3037 969 3125; x_wconf 81' lang='lat' dir='ltr'><strong>comoediis,</strong></span> <span class='ocrx_word' id='word_1_216' title='bbox 995 3038 1037 3097; x_wconf 90' lang='lat' dir='ltr'><strong>ita</strong></span> <span class='ocrx_word' id='word_1_217' title='bbox 1066 3045 1098 3093; x_wconf 92' lang='lat' dir='ltr'><strong>ut</strong></span> <span class='ocrx_word' id='word_1_218' title='bbox 1127 3042 1180 3095; x_wconf 88' lang='lat' dir='ltr'><strong>aut</strong></span> <span class='ocrx_word' id='word_1_219' title='bbox 1207 3033 1240 3093; x_wconf 91' lang='lat' dir='ltr'><strong>in</strong></span> 
     </span>
    </p>
   </div>
   <div class='ocr_carea' id='block_1_9' title="bbox 118 3133 1261 3316">
    <p class='ocr_par' dir='ltr' id='par_1_10' title="bbox 118 3133 1261 3316">
     <span class='ocr_line' id='line_1_27' title="bbox 118 3133 1261 3221; baseline 0.003 -30"><span class='ocrx_word' id='word_1_220' title='bbox 118 3133 306 3211; x_wconf 81' lang='lat' dir='ltr'><strong>marginibus</strong></span> <span class='ocrx_word' id='word_1_221' title='bbox 336 3154 438 3195; x_wconf 86' lang='lat' dir='ltr'><strong>eorum</strong></span> <span class='ocrx_word' id='word_1_222' title='bbox 462 3137 681 3201; x_wconf 79' lang='lat' dir='ltr'><strong>adnotationes</strong></span> <span class='ocrx_word' id='word_1_223' title='bbox 705 3141 835 3221; x_wconf 78' lang='lat' dir='ltr'><strong>scriptae</strong></span> <span class='ocrx_word' id='word_1_224' title='bbox 864 3148 917 3199; x_wconf 87' lang='lat' dir='ltr'><strong>aut</strong></span> <span class='ocrx_word' id='word_1_225' title='bbox 945 3138 1024 3200; x_wconf 86' lang='lat' dir='ltr'><strong>inter</strong></span> <span class='ocrx_word' id='word_1_226' title='bbox 1045 3138 1125 3221; x_wconf 88' lang='lat' dir='ltr'><strong>ipsas</strong></span> <span class='ocrx_word' id='word_1_227' title='bbox 1147 3134 1261 3197; x_wconf 87' lang='lat' dir='ltr'><strong>lineas</strong></span> 
     </span>
     <span class='ocr_line' id='line_1_28' title="bbox 121 3235 1010 3316; baseline 0.016 -23"><span class='ocrx_word' id='word_1_228' title='bbox 121 3235 295 3296; x_wconf 86' lang='lat' dir='ltr'><strong>interiectae</strong></span> <span class='ocrx_word' id='word_1_229' title='bbox 316 3235 532 3316; x_wconf 79' lang='lat' dir='ltr'><strong>invenirentur.</strong></span> <span class='ocrx_word' id='word_1_230' title='bbox 1006 3236 1010 3245; x_wconf 54' lang='lat'>¹</span> 
     </span>
    </p>
   </div>
   <div class='ocr_carea' id='block_1_10' title="bbox 65 3332 1340 3630">
    <p class='ocr_par' dir='ltr' id='par_1_11' title="bbox 65 3332 1340 3630">
     <span class='ocr_line' id='line_1_29' title="bbox 207 3332 1243 3421; baseline -0.002 -18"><span class='ocrx_word' id='word_1_231' title='bbox 207 3336 269 3403; x_wconf 83' lang='lat' dir='ltr'><strong>lam</strong></span> <span class='ocrx_word' id='word_1_232' title='bbox 295 3359 388 3417; x_wconf 89' lang='lat' dir='ltr'><strong>quum</strong></span> <span class='ocrx_word' id='word_1_233' title='bbox 410 3341 526 3420; x_wconf 87' lang='lat' dir='ltr'><strong>primns</strong></span> <span class='ocrx_word' id='word_1_234' title='bbox 549 3343 589 3405; x_wconf 85' lang='lat' dir='ltr'><strong>hl.</strong></span> <span class='ocrx_word' id='word_1_235' title='bbox 613 3342 770 3421; x_wconf 76' lang='lat' dir='ltr'><strong>binemus,</strong></span> <span class='ocrx_word' id='word_1_236' title='bbox 792 3343 842 3403; x_wconf 82' lang='lat' dir='ltr'><strong>vir</strong></span> <span class='ocrx_word' id='word_1_237' title='bbox 867 3342 1095 3419; x_wconf 86' lang='lat' dir='ltr'><strong>celeberrimus,</strong></span> <span class='ocrx_word' id='word_1_238' title='bbox 1116 3332 1243 3421; x_wconf 72' lang='lat' dir='ltr'><strong>primam</strong></span> 
     </span>
     <span class='ocr_line' id='line_1_30' title="bbox 65 3423 1243 3527; baseline 0.003 -30"><span class='ocrx_word' id='word_1_239' title='bbox 65 3423 77 3450; x_wconf 65' lang='lat'><strong><em>⁸</em></strong></span> <span class='ocrx_word' id='word_1_240' title='bbox 119 3437 333 3519; x_wconf 73' lang='lat' dir='ltr'><strong>Aristophanis</strong></span> <span class='ocrx_word' id='word_1_241' title='bbox 355 3440 515 3503; x_wconf 89' lang='lat' dir='ltr'><strong>editionem</strong></span> <span class='ocrx_word' id='word_1_242' title='bbox 533 3445 697 3505; x_wconf 84' lang='lat' dir='ltr'><strong>curandam</strong></span> <span class='ocrx_word' id='word_1_243' title='bbox 712 3446 906 3527; x_wconf 86' lang='lat' dir='ltr'><strong>suscepisset;</strong></span> <span class='ocrx_word' id='word_1_244' title='bbox 930 3444 1016 3505; x_wconf 89' lang='lat' dir='ltr'><strong>simul</strong></span> <span class='ocrx_word' id='word_1_245' title='bbox 1033 3446 1085 3505; x_wconf 87' lang='lat' dir='ltr'><strong>ille</strong></span> <span class='ocrx_word' id='word_1_246' title='bbox 1104 3444 1243 3503; x_wconf 83' lang='lat' dir='ltr'><strong>adnotata</strong></span> 
     </span>
     <span class='ocr_line' id='line_1_31' title="bbox 118 3541 1340 3630; baseline 0.002 -29"><span class='ocrx_word' id='word_1_247' title='bbox 118 3546 152 3601; x_wconf 92' lang='lat' dir='ltr'><strong>in</strong></span> <span class='ocrx_word' id='word_1_248' title='bbox 168 3542 315 3625; x_wconf 84' lang='lat' dir='ltr'><strong>exemplis</strong></span> <span class='ocrx_word' id='word_1_249' title='bbox 330 3542 393 3603; x_wconf 88' lang='lat' dir='ltr'><strong>suis</strong></span> <span class='ocrx_word' id='word_1_250' title='bbox 409 3555 531 3626; x_wconf 85' lang='lat' dir='ltr'><strong>reperta</strong></span> <span class='ocrx_word' id='word_1_251' title='bbox 552 3548 702 3628; x_wconf 84' lang='lat' dir='ltr'><strong>enotavit,</strong></span> <span class='ocrx_word' id='word_1_252' title='bbox 727 3550 865 3629; x_wconf 82' lang='lat' dir='ltr'><strong>collegit,</strong></span> <span class='ocrx_word' id='word_1_253' title='bbox 887 3556 919 3609; x_wconf 91' lang='lat' dir='ltr'><strong>et</strong></span> <span class='ocrx_word' id='word_1_254' title='bbox 937 3546 1069 3607; x_wconf 83' lang='lat' dir='ltr'><strong>correxit</strong></span> <span class='ocrx_word' id='word_1_255' title='bbox 1083 3541 1138 3630; x_wconf 80' lang='lat'><strong>³⁹).</strong></span> <span class='ocrx_word' id='word_1_256' title='bbox 1182 3542 1243 3603; x_wconf 87' lang='lat' dir='ltr'><strong>Vix</strong></span> <span class='ocrx_word' id='word_1_257' title='bbox 1337 3542 1340 3547; x_wconf 84' lang='grc'><strong>’</strong></span> 
     </span>
    </p>
   </div>
   <div class='ocr_carea' id='block_1_11' title="bbox 121 3682 334 3699">
    <p class='ocr_par' dir='ltr' id='par_1_12' title="bbox 121 3682 334 3699">
     <span class='ocr_line' id='line_1_32' title="bbox 121 3682 334 3699; baseline 0.009 -4"><span class='ocrx_word' id='word_1_258' title='bbox 121 3682 334 3699; x_wconf 76' lang='lat'><strong>———-</strong></span> 
     </span>
    </p>
   </div>
   <div class='ocr_carea' id='block_1_12' title="bbox 137 3760 890 3837">
    <p class='ocr_par' dir='ltr' id='par_1_13' title="bbox 137 3760 890 3837">
     <span class='ocr_line' id='line_1_33' title="bbox 137 3760 890 3837; baseline 0.016 -26"><span class='ocrx_word' id='word_1_259' title='bbox 137 3760 178 3827; x_wconf 66' lang='lat'><strong>⁸³)</strong></span> <span class='ocrx_word' id='word_1_260' title='bbox 195 3760 344 3814; x_wconf 85' lang='lat' dir='ltr'><strong>Hemsterb.</strong></span> <span class='ocrx_word' id='word_1_261' title='bbox 361 3760 400 3823; x_wconf 87' lang='lat' dir='ltr'><strong>ad</strong></span> <span class='ocrx_word' id='word_1_262' title='bbox 411 3762 481 3818; x_wconf 84' lang='lat' dir='ltr'><strong>Plnt.</strong></span> <span class='ocrx_word' id='word_1_263' title='bbox 499 3766 582 3836; x_wconf 79' lang='lat' dir='ltr'><strong>praei.</strong></span> <span class='ocrx_word' id='word_1_264' title='bbox 599 3782 627 3837; x_wconf 90' lang='lat' dir='ltr'><strong>p.</strong></span> <span class='ocrx_word' id='word_1_265' title='bbox 643 3765 705 3832; x_wconf 78' lang='lat' dir='ltr'><strong>xii,</strong></span> <span class='ocrx_word' id='word_1_266' title='bbox 724 3767 764 3821; x_wconf 85' lang='lat' dir='ltr'><strong>sd</strong></span> <span class='ocrx_word' id='word_1_267' title='bbox 784 3768 890 3823; x_wconf 81' lang='lat' dir='ltr'><strong>Schnei.</strong></span> 
     </span>
    </p>
   </div>
   <div class='ocr_carea' id='block_1_13' title="bbox 137 3846 1249 4225">
    <p class='ocr_par' dir='ltr' id='par_1_14' title="bbox 137 3846 1247 4132">
     <span class='ocr_line' id='line_1_34' title="bbox 137 3846 1245 3923; baseline 0.001 -24"><span class='ocrx_word' id='word_1_268' title='bbox 137 3847 178 3915; x_wconf 77' lang='lat'><strong>⁸⁸)</strong></span> <span class='ocrx_word' id='word_1_269' title='bbox 194 3846 257 3900; x_wconf 89' lang='lat' dir='ltr'><strong>Non</strong></span> <span class='ocrx_word' id='word_1_270' title='bbox 274 3864 358 3901; x_wconf 83' lang='lat' dir='ltr'><strong>moror</strong></span> <span class='ocrx_word' id='word_1_271' title='bbox 374 3850 556 3915; x_wconf 70' lang='lat' dir='ltr'><strong>soenorum,</strong></span> <span class='ocrx_word' id='word_1_272' title='bbox 573 3852 617 3921; x_wconf 91' lang='lat' dir='ltr'><strong>qui</strong></span> <span class='ocrx_word' id='word_1_273' title='bbox 634 3854 678 3908; x_wconf 91' lang='lat' dir='ltr'><strong>ubi</strong></span> <span class='ocrx_word' id='word_1_274' title='bbox 695 3853 729 3907; x_wconf 84' lang='lat' dir='ltr'><strong>ds</strong></span> <span class='ocrx_word' id='word_1_275' title='bbox 746 3854 897 3910; x_wconf 86' lang='lat' dir='ltr'><strong>scholiorum</strong></span> <span class='ocrx_word' id='word_1_276' title='bbox 916 3852 1016 3923; x_wconf 82' lang='lat' dir='ltr'><strong>orlglns</strong></span> <span class='ocrx_word' id='word_1_277' title='bbox 1033 3854 1061 3905; x_wconf 88' lang='lat' dir='ltr'><strong>et</strong></span> <span class='ocrx_word' id='word_1_278' title='bbox 1077 3848 1139 3903; x_wconf 79' lang='lat' dir='ltr'><strong>latis</strong></span> <span class='ocrx_word' id='word_1_279' title='bbox 1156 3847 1196 3901; x_wconf 90' lang='lat' dir='ltr'><strong>dis</strong></span> <span class='ocrx_word' id='word_1_280' title='bbox 1213 3865 1245 3901; x_wconf 88' lang='lat' dir='ltr'><strong>n·</strong></span> 
     </span>
     <span class='ocr_line' id='line_1_35' title="bbox 190 3916 1246 3997; baseline 0.004 -31"><span class='ocrx_word' id='word_1_281' title='bbox 190 3921 247 3997; x_wconf 55' lang='grc' dir='ltr'><strong>αξ,</strong></span> <span class='ocrx_word' id='word_1_282' title='bbox 271 3916 369 3970; x_wconf 82' lang='lat' dir='ltr'><strong>scheba</strong></span> <span class='ocrx_word' id='word_1_283' title='bbox 389 3920 518 3988; x_wconf 81' lang='lat' dir='ltr'><strong>quaedam</strong></span> <span class='ocrx_word' id='word_1_284' title='bbox 535 3922 671 3975; x_wconf 72' lang='lat' dir='ltr'><strong>comoediis</strong></span> <span class='ocrx_word' id='word_1_285' title='bbox 687 3922 864 3993; x_wconf 78' lang='lat' dir='ltr'><strong>Aristophanis</strong></span> <span class='ocrx_word' id='word_1_286' title='bbox 883 3924 933 3977; x_wconf 85' lang='lat' dir='ltr'><strong>iam</strong></span> <span class='ocrx_word' id='word_1_287' title='bbox 949 3934 1002 3977; x_wconf 87' lang='lat' dir='ltr'><strong>tum</strong></span> <span class='ocrx_word' id='word_1_288' title='bbox 1021 3919 1151 3989; x_wconf 82' lang='lat' dir='ltr'><strong>adscripta</strong></span> <span class='ocrx_word' id='word_1_289' title='bbox 1168 3919 1246 3971; x_wconf 83' lang='lat' dir='ltr'><strong>insse</strong></span> 
     </span>
     <span class='ocr_line' id='line_1_36' title="bbox 190 3984 1247 4063; baseline 0.006 -28"><span class='ocrx_word' id='word_1_290' title='bbox 190 3992 329 4051; x_wconf 84' lang='lat' dir='ltr'><strong>opinetur,</strong></span> <span class='ocrx_word' id='word_1_291' title='bbox 353 4002 403 4055; x_wconf 90' lang='lat' dir='ltr'><strong>quo</strong></span> <span class='ocrx_word' id='word_1_292' title='bbox 426 3994 505 4057; x_wconf 71' lang='lat' dir='ltr'><strong>poeta</strong></span> <span class='ocrx_word' id='word_1_293' title='bbox 527 3990 634 4043; x_wconf 80' lang='lat' dir='ltr'><strong>vivebat</strong></span> <span class='ocrx_word' id='word_1_294' title='bbox 654 4002 779 4061; x_wconf 81' lang='lat' dir='ltr'><strong>tempore.</strong></span> <span class='ocrx_word' id='word_1_295' title='bbox 822 3993 890 4047; x_wconf 87' lang='lat' dir='ltr'><strong>Nam</strong></span> <span class='ocrx_word' id='word_1_296' title='bbox 913 4002 1019 4063; x_wconf 79' lang='lat' dir='ltr'><strong>praeter</strong></span> <span class='ocrx_word' id='word_1_297' title='bbox 1039 3984 1196 4061; x_wconf 68' lang='grc' dir='ltr'><strong><em>ἐπιγραφὰς</em></strong></span> <span class='ocrx_word' id='word_1_298' title='bbox 1218 3992 1247 4039; x_wconf 78' lang='lat' dir='ltr'><strong>et</strong></span> 
     </span>
     <span class='ocr_line' id='line_1_37' title="bbox 190 4054 928 4132; baseline 0.015 -28"><span class='ocrx_word' id='word_1_299' title='bbox 190 4054 412 4122; x_wconf 61' lang='lat' dir='ltr'><strong>asperimontis</strong></span> <span class='ocrx_word' id='word_1_300' title='bbox 429 4057 494 4110; x_wconf 87' lang='lat' dir='ltr'><strong>nibil</strong></span> <span class='ocrx_word' id='word_1_301' title='bbox 511 4058 625 4112; x_wconf 86' lang='lat' dir='ltr'><strong>additum</strong></span> <span class='ocrx_word' id='word_1_302' title='bbox 642 4061 722 4115; x_wconf 69' lang='lat' dir='ltr'><strong>tuine</strong></span> <span class='ocrx_word' id='word_1_303' title='bbox 739 4077 786 4131; x_wconf 86' lang='lat' dir='ltr'><strong>per</strong></span> <span class='ocrx_word' id='word_1_304' title='bbox 801 4079 829 4115; x_wconf 90' lang='lat' dir='ltr'><strong>ss</strong></span> <span class='ocrx_word' id='word_1_305' title='bbox 846 4069 928 4132; x_wconf 68' lang='lat' dir='ltr'><strong>patet.</strong></span> 
     </span>
    </p>

    <p class='ocr_par' dir='ltr' id='par_1_15' title="bbox 141 4133 1249 4225">
     <span class='ocr_line' id='line_1_38' title="bbox 141 4133 1249 4225; baseline 0 -22"><span class='ocrx_word' id='word_1_306' title='bbox 141 4137 180 4208; x_wconf 71' lang='lat'><strong>⁸⁹)</strong></span> <span class='ocrx_word' id='word_1_307' title='bbox 196 4133 263 4203; x_wconf 59' lang='grc' dir='ltr'><strong>’,οὗ</strong></span> <span class='ocrx_word' id='word_1_308' title='bbox 278 4138 332 4209; x_wconf 67' lang='lat' dir='ltr'><strong>ieie</strong></span> <span class='ocrx_word' id='word_1_309' title='bbox 349 4140 440 4207; x_wconf 76' lang='grc' dir='ltr'><strong><em>μόνον</em></strong></span> <span class='ocrx_word' id='word_1_310' title='bbox 456 4138 507 4205; x_wconf 75' lang='lat' dir='ltr'><strong>cain</strong></span> <span class='ocrx_word' id='word_1_311' title='bbox 523 4141 660 4213; x_wconf 72' lang='grc' dir='ltr'><strong><em>ἐξηγήσεις</em></strong></span> <span class='ocrx_word' id='word_1_312' title='bbox 677 4148 813 4215; x_wconf 73' lang='lat' dir='ltr'><strong>consipere</strong></span> <span class='ocrx_word' id='word_1_313' title='bbox 830 4142 1057 4217; x_wconf 57' lang='lat' dir='ltr'><strong>perstudiosum</strong></span> <span class='ocrx_word' id='word_1_314' title='bbox 1069 4137 1249 4225; x_wconf 61' lang='grc' dir='ltr'><strong>πεφνομὲξᾱΰ</strong></span> 
     </span>
    </p>
   </div>
   <div class='ocr_carea' id='block_1_14' title="bbox 191 4202 1249 4358">
    <p class='ocr_par' dir='ltr' id='par_1_16' title="bbox 191 4202 1249 4358">
     <span class='ocr_line' id='line_1_39' title="bbox 191 4202 1249 4283; baseline -0.007 -13"><span class='ocrx_word' id='word_1_315' title='bbox 191 4208 271 4273; x_wconf 65' lang='grc' dir='ltr'><strong>τὲωθ,</strong></span> <span class='ocrx_word' id='word_1_316' title='bbox 287 4202 327 4271; x_wconf 66' lang='lat' dir='ltr'><strong>eit</strong></span> <span class='ocrx_word' id='word_1_317' title='bbox 343 4210 398 4266; x_wconf 73' lang='grc' dir='ltr'><strong>ἴση</strong></span> <span class='ocrx_word' id='word_1_318' title='bbox 413 4231 471 4267; x_wconf 71' lang='lat' dir='ltr'><strong>uon</strong></span> <span class='ocrx_word' id='word_1_319' title='bbox 487 4215 535 4270; x_wconf 77' lang='lat' dir='ltr'><strong>acl</strong></span> <span class='ocrx_word' id='word_1_320' title='bbox 552 4214 642 4283; x_wconf 68' lang='grc' dir='ltr'><strong>αὐτοὶ,</strong></span> <span class='ocrx_word' id='word_1_321' title='bbox 660 4212 731 4273; x_wconf 71' lang='lat' dir='ltr'><strong>dett</strong></span> <span class='ocrx_word' id='word_1_322' title='bbox 750 4219 991 4275; x_wconf 64' lang='lat' dir='ltr'><strong>seleucobelum</strong></span> <span class='ocrx_word' id='word_1_323' title='bbox 1008 4212 1064 4280; x_wconf 76' lang='grc' dir='ltr'><strong>ἤδη</strong></span> <span class='ocrx_word' id='word_1_324' title='bbox 1082 4210 1249 4278; x_wconf 71' lang='grc' dir='ltr'><strong>ἐπιτετραμ-</strong></span> 
     </span>
     <span class='ocr_line' id='line_1_40' title="bbox 193 4278 1068 4358; baseline -0.011 -13"><span class='ocrx_word' id='word_1_325' title='bbox 193 4280 271 4345; x_wconf 62' lang='lat' dir='ltr'><strong>aaa</strong></span> <span class='ocrx_word' id='word_1_326' title='bbox 287 4278 436 4350; x_wconf 55' lang='lat' dir='ltr'><strong>daemoes.</strong></span> <span class='ocrx_word' id='word_1_327' title='bbox 446 4285 466 4315; x_wconf 73' lang='lat'><strong>⁴⁶</strong></span> <span class='ocrx_word' id='word_1_328' title='bbox 495 4282 575 4339; x_wconf 72' lang='lat' dir='ltr'><strong>nea.</strong></span> <span class='ocrx_word' id='word_1_329' title='bbox 592 4286 734 4343; x_wconf 68' lang='lat' dir='ltr'><strong>omae</strong></span> <span class='ocrx_word' id='word_1_330' title='bbox 751 4286 773 4354; x_wconf 90' lang='lat'><strong>1,</strong></span> <span class='ocrx_word' id='word_1_331' title='bbox 791 4287 873 4358; x_wconf 70' lang='lat' dir='ltr'><strong>praa.</strong></span> <span class='ocrx_word' id='word_1_332' title='bbox 891 4303 918 4358; x_wconf 70' lang='grc' dir='ltr'><strong>ρ.</strong></span> <span class='ocrx_word' id='word_1_333' title='bbox 935 4282 1068 4339; x_wconf 78' lang='lat' dir='ltr'><strong>cxxvn.</strong></span> 
     </span>
    </p>
   </div>
   <div class='ocr_carea' id='block_1_15' title="bbox 0 0 1418 4959">
    <p class='ocr_par' dir='ltr' id='par_1_17' title="bbox 0 0 1418 4959">
     <span class='ocr_line' id='line_1_41' title="bbox 0 0 1418 4959; baseline 0 0"><span class='ocrx_word' id='word_1_334' title='bbox 0 0 1418 4959; x_wconf 95' lang='lat' dir='ltr'><strong> </strong></span> 
     </span>
    </p>
   </div>
  </div>
 </body>
</html>
