2784 4959
221 431 344 482 ccxciv
560 405 1013 486 COMMENTATIO

225 593 334 674 igitur,
363 613 458 676 quum
478 592 586 660 ἄδικον
607 607 638 658 et
659 595 781 662 tuane
799 589 888 680 stne
909 605 1064 658 osrtsutes
1085 567 1171 658 inter
1188 615 1221 657 se
1238 619 1326 679 prope

226 686 342 779 neret,¹
357 698 540 779 Protagoras
567 698 757 780 disciplinam
786 699 846 765 sihi
874 709 944 760 suto
971 700 1084 760 oculos
1113 702 1247 782 posuisse
1268 705 1328 762 risu

227 809 281 862 est.
324 801 389 864 Iam
410 804 583 884 quseritur,
613 822 673 883 qus
696 813 794 864 aetate
815 805 842 862 is
867 802 985 884 primus
1007 802 1149 864 Athenas
1169 807 1328 878 ψωμοὶ

227 903 266 964 ob
287 902 487 986 Aristophane
507 907 630 968 irrideri
652 907 795 986 potuerit.
839 905 908 982 Qus
929 905 961 964 iu
984 905 1171 984 quaestions
1191 905 1329 966 diiudiosu·

228 1007 267 1070 ds
288 1005 433 1071 Atheusei
452 1009 599 1070 iudicium
621 1009 679 1068 erit
700 1006 920 1086 gravissimum.
961 1006 993 1067 Is
1014 1017 1122 1068 eutem
1142 1008 1242 1080 docet,
1260 1028 1328 1087 quon·

228 1111 288 1169 ism
310 1110 457 1191 Aruipsius
478 1111 511 1170 in
532 1112 635 1172 Gonuu
663 1111 696 1172 iu
723 1109 929 1192 sophistarum
950 1107 1049 1169 choro
1071 1112 1261 1190 Protagoram
1277 1113 1328 1169 oui

227 1211 329 1286 sisset,
360 1209 486 1293 Eupolis
513 1225 612 1278 sutem
639 1214 671 1274 in
700 1212 917 1274 Adulatorihus
947 1211 1054 1272 sabula
1086 1233 1160 1272 eum
1184 1211 1214 1272 iu
1240 1231 1328 1271 soemu

226 1309 432 1393 produxisset,
454 1316 723 1390 venisselltheues
742 1313 912 1398 sophistam
931 1316 1014 1376 iuter
1035 1315 1180 1374 Gonnum
1199 1325 1229 1376 et
1246 1313 1327 1373 stne

229 1421 314 1474 tores
336 1414 441 1477 doctas
455 1416 510 1504 ⁶⁶).
552 1420 615 1481 lam
636 1420 723 1502 quid·
738 1417 874 1500 apertius
900 1437 965 1478 esse
986 1426 1110 1497 potest,
1141 1437 1229 1498 qussn
1246 1435 1327 1494 anony-

230 1536 312 1580 mum
333 1530 484 1600 nostrum,
516 1521 620 1584 eodem
648 1522 876 1604 argumentandi
902 1539 1010 1600 genere
1039 1539 1149 1599 usum,
1177 1519 1326 1606 colloquium

230 1616 310 1680 inter
336 1621 454 1703 disemos
482 1631 512 1684 et
538 1619 648 1689 ἄδικον
676 1620 768 1708 λόγον
793 1621 930 1686 habitum
957 1629 1141 1700 correctae,
1166 1641 1225 1682 uon
1248 1621 1325 1682 doctae

229 1717 349 1781 ishulne
371 1723 590 1804 adscripsisse?

312 1837 368 1900 llis
390 1843 553 1925 expositis,
583 1843 695 1906 nemini
716 1863 806 1925 posse
825 1843 918 1906 ullum
940 1844 1071 1925 amplius
1092 1841 1246 1904 inhaerere
1263 1839 1324 1900 test

230 1938 388 2022 urionem,
421 1965 584 2028 omnesque
606 1967 653 2008 ms
674 1949 870 2008 assentientes
897 1944 1072 2005 hobiiurum
1099 1947 1210 2020 credo,
1236 1945 1259 2002 si
1276 1963 1326 2002 sno·

230 2063 355 2125 uymum
379 2047 465 2108 illum
494 2051 613 2111 nullum
641 2048 812 2131 possedisse
839 2049 1004 2128 primarum
1032 2049 1169 2109 Nubium
1196 2045 1324 2125 exemplar,

232 2147 287 2208 sed
317 2151 415 2210 omnia
445 2153 620 2216 coniectura
647 2161 819 2212 assecutum
850 2171 915 2212 esse
944 2152 1122 2232 pronuntio.
1165 2151 1264 2210 Utrum
1285 2145 1325 2204 lm

232 2267 304 2314 vere
325 2252 447 2332 fecerit,
479 2273 535 2316 neo
556 2275 608 2331 ne,
637 2269 720 2315 nunc
741 2273 805 2312 uon
824 2262 926 2334 potest
946 2253 1116 2334 explanari.
1162 2249 1268 2326 Quodsi
1288 2265 1324 2304 su·

233 2359 294 2413 tem
315 2353 398 2422 hunc
425 2355 541 2418 nullum
563 2354 697 2418 Nubium
724 2357 879 2436 exemplar
906 2356 1072 2436 primarum
1101 2356 1236 2416 leshuisss
1259 2347 1324 2409 erici·

231 2473 312 2517 mus:
343 2457 381 2520 ds
408 2459 533 2538 reliquie
561 2459 614 2539 qui
641 2459 723 2520 idem
745 2465 928 2520 censuerunt
948 2457 1120 2519 scholiastis
1142 2469 1173 2519 et
1192 2447 1325 2535 giummsti

232 2557 290 2635 cis,
320 2561 372 2639 qul
392 2563 486 2623 ratiis
505 2571 576 2620 sunt
597 2563 710 2623 caussis
732 2561 851 2642 decepti
872 2567 903 2620 et
923 2559 956 2619 iu
974 2580 1096 2622 errores
1119 2557 1255 2633 coniecti,
1282 2569 1324 2612 str-

231 2677 349 2720 monem
371 2663 530 2723 instituere
551 2664 674 2743 longum
696 2673 759 2742 est,
786 2671 818 2724 et
837 2662 954 2724 inutile.

319 2777 405 2854 Quas
427 2799 519 2860 quum
540 2781 582 2842 ite
604 2785 682 2864 sint,
712 2785 788 2846 dues
809 2783 939 2845 liubiuns
959 2782 1105 2842 aditiones
1126 2799 1191 2841 esso
1210 2799 1226 2837 a
1245 2769 1325 2833 reteri·

231 2881 290 2944 bus
311 2883 511 2960 grammaticis
540 2885 572 2946 in
599 2885 822 2948 comoediarum
847 2904 1006 2946 numerum
1031 2895 1187 2966 receptes,
1218 2873 1326 2958 squidem

233 3002 295 3042 nou
317 2984 425 3062 cred03
455 3007 552 3067 neque
573 2989 682 3068 timeo,
711 3009 751 3052 ue
769 2987 829 3049 hoc
850 2987 997 3050 iudicium
1016 3007 1116 3048 meum
1143 2985 1176 3045 iu
1199 2981 1325 3046 doctorum

232 3083 493 3168 reprehensionem
520 3091 617 3152 cadet,

321 3209 465 3292 Superest
487 3209 590 3270 ultima
612 3207 731 3283 sabula,
763 3231 840 3292 quus
861 3208 966 3270 eodem
986 3210 1106 3271 nourinc
1127 3207 1204 3270 edita
1225 3220 1279 3263 esse
1295 3193 1326 3253 di·

235 3310 333 3390 citur,
361 3311 443 3392 quod
464 3331 524 3370 unu
548 3333 650 3372 eurum
673 3323 773 3391 tenet,
807 3334 883 3394 quae
912 3311 999 3370 nobis
1021 3323 1158 3372 seruatae
1179 3316 1251 3369 sunt
1287 3299 1326 3355 [θ’

233 3433 311 3494 quor
334 3413 371 3476 de
392 3415 489 3476 Pluto.
519 3413 622 3494 Neque
643 3425 744 3477 tamen
765 3415 891 3476 dubium
913 3436 976 3476 csse
998 3424 1110 3495 potest,
1136 3416 1206 3494 quin
1226 3424 1279 3466 esu
1294 3397 1325 3455 st·

232 3515 346 3594 hulam,
369 3537 459 3598 quam
478 3516 566 3578 nobis
588 3529 737 3580 servarene
753 3521 926 3600 gaudemus,
949 3539 966 3576 u
988 3518 1091 3597 priore
1113 3531 1233 3598 prorsus
1252 3505 1326 3564 dictu

234 3637 297 3677 sam
320 3619 412 3680 luisse
435 3619 613 3680 sumendum
635 3623 674 3680 sit
687 3618 742 3692 θ’).
785 3621 912 3680 Tantum
934 3617 992 3699 ipsi
1015 3619 1160 3700 tempori,
1183 3634 1239 3694 quo
1258 3607 1326 3666 dod*

234 3731 297 3806 est¹⁴
326 3721 479 3800 inhaeret,
510 3732 543 3782 ut
565 3723 601 3782 ab
626 3745 678 3799 co,
703 3722 759 3782 nisi
783 3722 812 3781 vi
833 3742 948 3781 summo
970 3719 1120 3797 adhibite,
1149 3709 1268 3798 separari
1286 3721 1328 3762 1¹0·

234 3833 332 3902 queat.
378 3825 480 3900 Quare
504 3809 565 3886 duo
581 3827 685 3888 Plutus
706 3845 833 3887 numero
855 3825 1117 3905 grammaticorum
1133 3797 1325 3898 comprehendi

234 3941 351 3988 censeo.

255 4210 294 4277 ω)
311 4209 405 4264 Auen.
424 4226 449 4280 p.
462 4209 523 4274 227,
539 4228 563 4265 s.
581 4227 654 4282 seqq.

253 4295 294 4361 ⁶²)
311 4293 359 4347 oh.
376 4295 411 4350 ds
427 4295 499 4350 riou
515 4297 631 4356 editione
646 4297 744 4370 topttet
760 4297 855 4353 Frui·
873 4297 969 4356 utu«.
986 4295 1070 4373 bne·
1085 4294 1160 4371 lm·
