2784 4959
202 484 207 495 ¹
235 326 308 463 nh
335 381 796 465 interemimus
822 386 975 467 v1rs.
1044 346 1171 467 earm
1218 462 1227 475 ,

142 579 216 639 luter
227 578 453 660 antiquissimos
466 578 668 649 Romanorum
686 577 849 659 scriptores
862 578 917 637 Cn.
938 577 1064 641 diesim
1079 581 1170 641 Cam·

75 701 157 761 pamu
175 683 338 743 comoedias
367 678 572 761 composuisse
596 678 814 761 entiqusmque
841 681 1024 741 Graecorum
1054 704 1172 744 comoe-

84 782 147 841 diam
165 784 289 844 imitatus
316 802 380 843 esse
411 782 524 841 dicitnr
545 776 585 862 ⁶).
631 780 722 856 Quod
749 782 775 841 si
788 802 902 843 rerum
923 790 1022 860 meet,
1050 781 1181 843 Aristo-²

87 882 183 962 pbsnen
199 904 316 964 quoqne
339 884 377 945 ab
403 905 437 944 eo
455 882 555 962 magni
576 880 714 943 habitum
732 884 853 945 credero
875 902 987 967 posses.
1030 884 1090 945 Sed
1108 904 1170 965 quo

86 985 293 1067 minmidipse
315 996 474 1067 procerte
502 984 644 1062 habeam,
673 985 866 1067 impeditius
888 987 1010 1047 testium
1030 978 1170 1068 penuria.

83 1086 229 1167 Quanquam
253 1089 333 1149 enim
363 1088 532 1149 comoedias
558 1108 627 1149 eum
653 1088 809 1168 scripsisse
843 1088 924 1165 scio,
962 1097 1062 1149 temen
1093 1106 1171 1169 quse
1240 1118 1247 1143 t

77 1208 160 1249 aarum
183 1192 255 1253 ratio
281 1190 391 1269 fuerit,
425 1210 518 1273 quurn
551 1190 606 1251 vix
637 1210 733 1251 unum
762 1190 928 1271 reperiatur
959 1190 1191 1272 iragrrieutum,¹

73 1292 188 1372 perspici
207 1314 267 1354 uon
291 1312 379 1373 posse
409 1294 507 1353 credo.
558 1295 661 1373 Neque
689 1292 770 1372 qnod
803 1294 841 1353 ob
874 1286 1111 1353 maledicentiam
1137 1290 1173 1351 in

74 1412 202 1454 carcerem
221 1395 375 1455 coniectus
398 1395 605 1477 nobiliumque
627 1395 697 1455 odio
720 1394 754 1453 in
776 1394 901 1454 exilium
923 1393 1031 1455 mimus
1046 1394 1171 1455 Uticae-

73 1514 121 1573 qce
136 1507 268 1559 mortuus
289 1495 465 1578 perhibetur
486 1496 531 1575 ⁶),
565 1498 597 1557 iu
626 1484 691 1557 esni
713 1514 778 1573 retu
802 1494 902 1557 afferri
927 1497 1048 1579 poterit.
1091 1497 1170 1561 Ver·-

78 1616 118 1653 ssn
131 1600 221 1679 enim,
242 1598 353 1679 quibus
379 1600 566 1659 Metellorum
588 1609 706 1681 gentem
726 1596 906 1675 offenderat,
928 1608 1033 1661 utrum
1054 1619 1094 1661 ex
1116 1611 1173 1661 co·-

78 1700 182 1759 moediis
199 1702 259 1761 eius
282 1700 393 1780 sumpti
421 1700 499 1777 sint,
529 1723 567 1761 su
593 1702 631 1761 ad
654 1702 729 1761 alios
746 1700 839 1759 libros
863 1700 1080 1783 pertinuerint,
1108 1723 1173 1763 non
1192 1686 1212 1755 ,⁴

77 1808 113 1857 est
130 1802 280 1879 cognitum.
322 1802 476 1863 Praeterea
503 1802 574 1861 licet
600 1788 767 1863 ¹comoediis
792 1804 853 1863 suis
880 1804 1015 1885 singulm
1035 1803 1173 1865 homiues

77 1904 263 1977 perstrinxerit
274 1904 444 1979 interdum,
466 1905 547 1984 quod
564 1904 667 1985 negari
681 1924 744 1964 non
758 1915 873 1987 potest:
897 1928 958 1988 quo
978 1907 1044 1967 iure
1058 1906 1097 1968 sd
1114 1926 1172 1967 an·
1214 1961 1222 1975 ,

80 2002 176 2079 tiquam
190 2004 319 2068 redimus
339 2008 541 2083 comoediam,
563 2027 657 2089 quum
677 2007 800 2069 esudem
822 2008 955 2088 singulos
981 2008 1174 2069 convicisndi

83 2107 301 2169 cousuetudinem
338 2120 367 2171 et
396 2110 429 2169 in
455 2110 551 2169 medis
582 2118 612 2169 et
641 2108 674 2169 in
708 2130 788 2169 nova
808 2110 962 2171 videamus
987 2110 1172 2193 reperiunt

86 2202 166 2275 Qusre
182 2230 267 2289 quum
285 2232 325 2271 ex
351 2210 399 2273 his
420 2210 495 2271 certi
524 2210 603 2272 nihil
625 2212 692 2272 elici
712 2210 828 2293 possit,
857 2214 890 2271 id
910 2223 1011 2273 temen
1042 2222 1172 2291 constet,

90 2326 116 2364 ee
132 2318 242 2393 tempora
266 2313 409 2395 antiquae
429 2314 597 2374 comoediae
617 2312 716 2375 indoli
736 2334 772 2373 sc
799 2324 921 2374 naturae
928 2359 942 2391 ,
971 2315 1068 2395 qualis
1089 2315 1173 2395 opud

95 2406 248 2477 Athenienses
274 2416 434 2493 floruerat,
462 2436 525 2485 non
552 2414 669 2475 favisse.
722 2414 820 2489 Quare
848 2415 921 2494 quid
948 2416 1066 2476 Murcus
1098 2418 1171 2476 Cato

97 2514 201 2595 renent,
220 2540 324 2597 magna
349 2528 394 2579 est
415 2518 558 2598 quaestio.
602 2518 782 2599 Quanquam
804 2516 884 2595 euim
908 2518 1036 2578 Groecas
1056 2517 1172 2578 litteras

94 2607 187 2675 Romam
206 2620 362 2682 transferri
382 2642 445 2681 non
464 2620 600 2698 volebat,
632 2622 822 2700 omniumque
841 2639 941 2681 rerum
969 2621 1173 2701 corruptelam

91 2710 143 2775 inde
162 2734 363 2799 proventurum
397 2742 458 2783 esse
493 2722 702 2802 suspicabatur
725 2720 775 2807 ²)=
816 2732 917 2782 umen
953 2722 1044 2784 simul
1075 2720 1173 2783 Athe-
1212 2753 1218 2769 ·

90 2814 179 2881 niemer
210 2825 304 2885 mults
338 2822 469 2904 gloriosa
507 2824 661 2907 possidere
696 2834 727 2885 et
769 2844 876 2904 magns
913 2826 1099 2886 concedebat
1133 2822 1172 2884 ab

88 2934 215 3004 torumque
252 2926 365 2987 iudicio
407 2936 490 2989 totus
532 2928 682 3009 pendebat
723 2927 776 3007 ⁸),
835 2928 1045 3007 imprimisque
1085 2936 1172 2987 vete-

30 3052 32 3059 *
86 3040 132 3082 rem
166 3027 387 3089 Atheniensium
419 3030 564 3090 virtutem
590 3030 731 3091 loudshst
763 3024 807 3114 ⁹).
850 3030 923 3088 Prae
962 3030 1067 3089 ceteris
1100 3026 1173 3109 phi·

85 3122 197 3207 losephos
225 3141 256 3191 et
278 3130 414 3193 rhetores
443 3132 513 3195 odio
545 3150 652 3211 magno
677 3142 850 3213 persecutus
881 3152 943 3193 esse
971 3130 1094 3190 videtur
1118 3127 1183 3209 ¹⁰).'

84 3226 205 3295 herilem
228 3234 306 3294 enim
328 3234 483 3315 loquacem
505 3244 535 3295 et
558 3234 734 3297 seditiosum
754 3231 905 3292 hominem
932 3232 1039 3303 fuisse,
1068 3248 1172 3289 cense-

85 3326 183 3415 ltt¹¹),
211 3337 294 3418 apud
320 3336 480 3397 Isocratem
507 3336 627 3398 dicebat
656 3336 822 3417 discipulos
845 3352 1007 3398 senescere.
1052 3328 1120 3404 Qua
1137 3330 1172 3390 in
1218 3328 1223 3339 '

84 3508 261 3527 ᾖ----ι---.---

120 3620 140 3689 ⁵)
154 3622 284 3677 llichbora
303 3621 401 3677 Gesch.
419 3622 466 3675 der
481 3621 634 3678 Litteratur.
651 3620 674 3687 t,
691 3638 716 3693 p.
734 3622 795 3678 325.
818 3620 889 3675 Idem
905 3621 1044 3689 prseteres
1059 3616 1087 3669 in
1105 3620 1190 3687 tem-f

145 3708 204 3763 pore
222 3698 316 3762 poetes
331 3692 470 3745 indicando
494 3692 522 3745 in
545 3692 635 3745 multos
652 3708 756 3747 errores
772 3690 873 3745 nette
890 3690 925 3745 cf.
942 3706 967 3758 p.
986 3688 1047 3769 825,
1064 3686 1128 3750 859,
1139 3691 1173 3770 ,εἰ
1210 3706 1214 3715 ·

143 3764 196 3885 ff]
210 3761 510 3899 {bvffifftgbhm‘
526 3760 584 3813 hat.
601 3760 618 3813 l.
636 3758 658 3813 1.
674 3762 731 3816 e·2.
749 3758 882 3831 Lessiog’s
898 3756 1056 3811 simmthclre
1069 3753 1174 3881 Scletri-

121 3916 221 3983 teet.
247 3915 283 3968 N.
301 3917 332 3971 Α.
350 3914 373 3981 1,
391 3916 417 3970 7.
435 3912 483 3978 ΙΙΙ,
499 3912 590 3987 5.,21,
609 3914 634 3969 8.
652 3914 739 3969 Plant.
755 3913 815 3968 ltsrl.
832 3912 906 3967 Glor.
921 3912 955 3966 sb
971 3909 1008 3969 ln.

121 3984 218 4051 ‘JPlhn
238 3984 302 4041 Nat.
317 3983 388 4037 Hist
405 3984 497 4047 ml,
514 3982 626 4039 astetur.
643 3982 703 4038 (let.
718 4000 741 4036 e.
758 3984 802 4041 28.

122 4054 187 4119 ’)0.
209 4052 303 4107 hliiller
322 4053 368 4107 die
387 4052 526 4123 Etruskem
551 4062 578 4123 p·
593 4054 620 4109 5.

122 4122 220 4189 ἼΡΙιιί.
238 4122 298 4175 Cat.
317 4139 344 4175 c.
369 4122 409 4176 12.
426 4131 454 4173 et
468 4122 512 4177 23.
1142 4176 1149 4193 ,

109 4188 137 4259 Ι’)
149 4192 215 4245 mun
238 4190 299 4243 (let.
325 4207 350 4244 e.
368 4192 409 4244 12.
431 4188 444 4241 1
463 4207 491 4243 se
513 4194 599 4242 umen
622 4188 656 4243 ds
682 4188 796 4243 Oratore
818 4193 847 4243 et
871 4186 904 4244 ds
920 4184 1040 4242 Moribus
1057 4179 1172 4250 scripsit.

146 4256 265 4323 Quinctil.
283 4258 307 4311 1.
325 4258 413 4309 Orate
468 4295 478 4329 ,
497 4260 521 4317 1.
538 4257 610 4313 Gell.
627 4256 663 4314 N.
680 4260 712 4313 Α.
728 4256 784 4323 IX,
800 4260 826 4313 2.

108 4326 136 4397 ¹¹)
151 4328 214 4382 Plat.
232 4326 295 4385 cst.
320 4342 347 4379 e.
369 4324 411 4379 28.
