2784 4959
212 470 276 524 crs
316 478 319 485 ·
497 475 503 518 ς
535 436 988 520 ΟΟΜΜΕΝΤΑΤΙΟ

213 632 344 701 Socratis
363 624 538 693 familiarem
561 627 753 689 confitentem
775 626 866 706 lacit,
893 646 958 687 non
977 626 1075 687 solum
1098 622 1357 707 Aristophanem

214 756 283 797 cum
304 731 428 813 reliquis
449 730 585 792 convivis
602 731 715 791 suroris
734 731 798 791 elas
818 728 996 812 participem
1019 728 1111 790 inissa
1126 728 1184 809 ¹²⁸)
1202 736 1239 789 et
1251 728 1354 788 multo

214 836 314 918 aptius
327 852 416 918 posse
434 834 586 893 Socratem
605 832 687 914 apud
708 830 956 913 Aristophanem,
984 832 1147 894 ridiculum
1171 830 1355 906 hominem,

215 938 333 1015 sedere,
355 956 444 1017 quam
457 935 539 1017 apud
559 934 723 1017 pulchrum
741 932 781 1010 ”t
798 934 998 1014 Agathonem‚
1020 936 1074 997 sed
1096 934 1234 996 eundem
1259 935 1355 993 etiam

215 1060 330 1103 summa
343 1037 470 1099 veritate
496 1046 653 1097 externum
667 1037 732 1099 eius
758 1036 895 1119 corporis
920 1036 1056 1099 habitum
1080 1034 1353 1119 tamipmssfl).

215 1146 367 1206 Postremo
386 1159 483 1220 usqae
503 1138 542 1199 ad
558 1138 728 1201 diluculum
750 1142 906 1215 Socrates,
932 1138 1048 1219 Agatho
1071 1150 1102 1199 et
1116 1138 1352 1220 Aristophanes

216 1244 254 1305 de
274 1242 358 1323 potisi
383 1240 548 1303 dramatico
579 1242 754 1325 disputant,
782 1262 860 1331 qaae
880 1260 930 1302 res
959 1240 1034 1301 milri
1059 1240 1184 1322 quidem
1216 1240 1352 1302 maximi

217 1366 280 1407 esse
289 1344 433 1408 momenti
446 1344 577 1405 videtur.
619 1345 738 1407 Etenim
757 1364 851 1431 quum
864 1343 930 1423 ipss
947 1342 1048 1403 verbis
1067 1344 1250 1424 praemissis
1266 1364 1352 1403 con-

218 1448 375 1525 cesserint,
399 1447 437 1507 de
458 1446 657 1533 Aristophane
676 1449 831 1509 Platonem
850 1446 972 1527 eiusque
991 1444 1025 1505 in
1045 1446 1159 1506 comica
1183 1444 1352 1507 comoedia

81 1546 85 1551 ’
218 1548 400 1631 praestantia
427 1546 763 1610 honorificentissimum
791 1548 898 1609 tulisse
928 1548 1093 1627 iudicium,
1128 1548 1215 1609 idem
1244 1560 1352 1609 umen

218 1670 310 1730 nego,
331 1658 451 1731 practer
468 1650 531 1711 vim
551 1660 637 1732 atquo
659 1652 831 1712 facultatem
851 1652 1002 1733 poiticam
1021 1650 1068 1711 illi
1089 1650 1265 1732 quidquam
1285 1650 1351 1711 tri-

218 1752 328 1813 buisse.
372 1751 548 1813 comoediae
569 1754 708 1835 antiquae
720 1752 852 1813 indolem
873 1774 909 1816 ac
925 1763 1065 1814 naturam
1081 1754 1274 1836 improbavit
1288 1752 1350 1833 ¹⁸);

220 1852 428 1934 Aristophanis
447 1853 600 1934 ingenium
616 1838 769 1936 artemque
787 1854 954 1916 admiratus
974 1865 1035 1929 est,
1059 1857 1144 1917 cuius
1163 1856 1199 1917 in
1225 1856 1349 1917 facetiis

221 1936 463 2015 fundendis'nun
491 1957 666 2021 dissimilem
695 1977 758 2019 esse
786 1956 908 2019 videbat
940 1958 1103 2020 Socratem.
1153 1958 1224 2033 Qua
1249 1960 1291 2019 dc
1314 1976 1348 2017 re

222 2057 364 2145 quoniam
387 2057 439 2118 ubi
468 2058 506 2119 de
534 2058 667 2123 Nubibus
692 2080 858 2121 sermonem
885 2060 1089 2148 instituimus,
1121 2062 1210 2142 plura
1243 2062 1347 2123 dicere

216 2158 321 2247 ¹coacti
355 2179 473 2237 sumus,
503 2182 585 2223 nunc
612 2173 716 2228 nostro
744 2163 864 2255 negotio
888 2164 992 2243 paucis
1021 2165 1144 2245 defungi
1171 2182 1347 2247 possumus.

222 2262 314 2336 Quod
336 2260 466 2323 enimin
491 2264 595 2325 libello
631 2264 669 2327 ad
699 2263 919 2325 defendendum
939 2266 1021 2347 apud
1047 2267 1161 2329 iudices
1187 2273 1346 2329 Socratem

111 2378 117 2385 ·
222 2364 337 2445 scripto
357 2366 515 2447 proposuit
527 2363 588 2445 ¹⁰),
610 2368 721 2428 iniuste
740 2386 825 2447 agere
843 2374 948 2449 petitas
964 2369 1017 2453 qui
1027 2370 1147 2451 poetica
1160 2390 1215 2431 sua
1228 2370 1347 2430 virtute

98 2481 105 2491 '
222 2466 313 2527 nimis
334 2466 403 2527 trau
428 2468 671 2555 reliqua'omnia
699 2471 929 2550 aggrederentur
951 2493 1041 2553 seque
1068 2475 1105 2535 ds
1132 2471 1273 2531 omnibus
1298 2488 1346 2529 re·

222 2568 295 2645 bus,
324 2550 400 2653 qliae
425 2571 463 2631 ad
490 2572 642 2637 civitatem
668 2572 828 2653 regendam
853 2574 1044 2653 reliquasque
1069 2573 1243 2652 disciplinas
1270 2592 1348 2651 per-

222 2670 369 2749 tinerent,
392 2672 504 2753 optime
520 2675 605 2757 loqui
624 2694 712 2756 posse
732 2674 902 2733 crederent:
923 2674 1002 2733 idem
1024 2672 1084 2733 hoc
1103 2690 1221 2753 quoque
1244 2672 1280 2728 in
1301 2672 1347 2730 li-

223 2776 303 2839 bello
322 2798 384 2840 non
402 2776 530 2837 obscure
545 2778 674 2864 repetiit.
720 2774 831 2854 Aperte
848 2774 927 2833 enim
949 2774 1025 2833 dicit
1043 2771 1276 2854 Aristophanem
1295 2783 1346 2832 to-

223 2887 289 2940 tum
301 2878 380 2941 circa
393 2876 545 2940 Bacchum
558 2888 588 2938 et
599 2876 871 2939 Veneremsersari
880 2873 944 2960 Μ»
965 2895 1094 2955 eumque
1105 2875 1268 2937 delatoris
1284 2896 1344 2937 so-

223 2980 289 3045 lun
315 2991 422 3045 nutura
446 2980 543 3060 deque
567 2998 600 3039 re
626 2978 746 3039 scenica
768 2998 839 3039 cum
863 2980 986 3039 Socrate
1017 2979 1220 3061 disputantem
1246 2980 1343 3039 indu-

225 3081 282 3160 cit,
298 3102 405 3164 ¹neque
435 3080 471 3141 ds
496 3080 554 3139 alia
576 3080 639 3140 ulla
661 3099 695 3141 re
723 3080 762 3142 ad
785 3080 849 3140 eius
872 3080 1021 3141 iudicium
1053 3090 1215 3163 provocat3
1245 3082 1342 3163 quidi

225 3184 309 3271 quod
325 3184 357 3245 in
381 3183 419 3245 iis
437 3181 511 3264 ipsis
537 3202 611 3263 quse
631 3182 745 3265 optime
764 3183 890 3244 callebat
915 3182 1243 3267 potta‚,e1ror'essius
1265 3185 1343 3245 red-

226 3288 332 3367 arguit
374 3284 459 3373 Qme
483 3304 651 3366 quanquam
672 3295 744 3347 suut
770 3285 926 3349 verissime
951 3285 1048 3361 dicta,
1081 3295 1182 3347 tamen
1203 3285 1341 3369 philoso-

225 3388 315 3475 phias
339 3390 540 3479 principatum
565 3388 639 3459 dum
669 3390 780 3481 ubique
808 3390 939 3457 celebrat
968 3408 1090 3477 eamque
1120 3390 1215 3451 solam
1242 3396 1340 3472 uptam

228 3566 437 3587 ’,ψ

262 3660 301 3729 ²⁰)
318 3660 386 3719 Plat.
404 3660 488 3715 Conv.
506 3676 532 3727 p.
550 3660 611 3717 att.
635 3659 672 3718 H·
689 3660 732 3715 St.
758 3657 887 3727 ,Massa
908 3654 961 3731 yda
984 3658 1203 3733 maureium
1226 3659 1277 3731 sris
1293 3678 1337 3732 os·

313 3727 439 3798 λοσόφον
457 3730 559 3801 μανίας
574 3746 603 3785 ss
620 3728 667 3784 nat
683 3730 841 3807 βακχείας.“

261 3813 300 3882 ¹⁶)
316 3814 355 3867 u.
376 3832 404 3887 p.
420 3814 480 3877 e1e
701 3848 706 3856 .

264 3898 304 3967 17)
320 3898 360 3951 lb.
377 3914 404 3969 p.
420 3900 481 3969 221,
499 3902 556 3962 aot.
574 3900 664 3959 Nubb.
679 3902 742 3961 861·
758 3900 885 3963 uiuaci
899 3899 990 3975 Synp.
1008 3918 1036 3980 p.
1050 3902 1104 3960 229
1120 3918 1179 3983 sqq.

264 3984 303 4051 l¹⁵)
321 3984 390 4037 rtet.
409 3982 441 4037 de
458 3986 540 4059 Lsgg.
558 3986 608 4051 xl,
626 4006 652 4059 p.
668 3988 731 4047 986.

151 4104 154 4113 ·
263 4070 302 4137 ³⁰)
317 4070 383 4131 Phi.
401 4072 476 4142 sinui.
494 4092 520 4147 p.
538 4074 580 4135 18.
598 4074 633 4135 ll,
650 4076 692 4133 St.

262 4156 304 4228 ἕω)
321 4155 359 4240 lb,
377 4174 403 4228 p.
422 4160 480 4217 177.
504 4156 718 4229 Ἀριστοφάνης,
746 4152 772 4240 ᾖ
787 4159 851 4226 usai
868 4154 1008 4217 Asinam
1024 4160 1072 4217 sai
1088 4154 1250 4231 Ἀφροδίτην
1267 4163 1336 4219 πᾶσα

315 4244 332 4294 η
351 4224 489 4307 διατριβή.
514 4228 549 4289 ci.
567 4228 694 4293 Restare
719 4237 849 4282 comment
876 4230 922 4301 qui
939 4231 1111 4285 confidentius
1128 4232 1240 4284 debebat
1255 4226 1334 4283 Wolfil

314 4296 486 4351 coniecturam
504 4298 631 4361 refellere,
648 4308 676 4353 et
693 4298 778 4353 Beati.
796 4298 893 4367 opusc.
912 4316 938 4369 p.
954 4300 1006 4357 387
1022 4316 1079 4371 sq„
1095 4301 1141 4375 qui
1158 4300 1234 4359 nituit
1248 4302 1334 4357 teuit

314 4365 342 4426 iu
359 4366 556 4445 caeptam
572 4365 715 4433 inveuurs
