2784 4959
154 371 159 381 ’
206 406 334 461 nm
374 345 377 352 “
490 498 495 509 ἱ
537 380 988 511 concurrente

206 571 310 640 neicis
334 568 454 636 οιοὶιιῑι.
503 568 621 654 llbique
647 573 803 656 reperitur
831 572 938 639 esdem
962 582 1099 657 propter
1127 571 1219 638 bsnc
1245 572 1344 653 agenti

204 677 351 741 ustionem
377 672 535 755 snperbis3
573 674 686 755 ubique
713 674 817 737 eedem
844 676 1029 759 perspicitur
1061 678 1248 755 contentia,
1287 698 1343 739 ean

203 778 334 841 maxim
355 796 419 842 oue
438 776 530 839 laude
549 775 678 856 dignane.
719 776 838 857 Ubique
857 780 1089 859 praedicantem
1119 779 1291 855 audimus,
1316 800 1343 839 ss

92 862 102 879 ⁰
140 894 147 909 “
202 881 324 943 insolite
350 898 448 961 nque
479 888 565 939 sntes
598 900 617 940 s
650 896 801 958 quoquam
839 891 980 963 usurpata
1015 902 1211 961 sggressnua
1247 881 1342 943 suine.

204 982 323 1063 llbique
342 1000 404 1045 uon
424 991 537 1061 aperte,
558 979 616 1043 aed
633 980 725 1057 clnm;
747 983 992 1046 conscientibus
1014 984 1148 1047 civibus
1155 1028 1167 1063 ,
1189 982 1247 1045 sed
1269 982 1342 1061 igna-

202 1084 263 1161 ris,
284 1082 434 1145 comicum
453 1100 521 1143 enus
541 1082 635 1144 luisse
654 1090 776 1164 po'e'tsm
798 1085 967 1149 declerctur
979 1086 1036 1165 ⁷⁰).
1102 1066 1105 1075 ¹

288 1184 440 1265 Agedum,
467 1184 507 1245 sd
528 1184 717 1247 comicorum
737 1185 905 1251 irrisionem
925 1188 1152 1273 Aristophsnis
1175 1185 1338 1249 redeamus.

201 1287 284 1351 lllud
313 1296 413 1349 sutem
439 1286 572 1369 primum
593 1288 686 1350 nobis
715 1299 797 1353 recte
825 1310 938 1371 ponere
964 1292 1131 1367 videmur,
1168 1310 1242 1353 esna
1262 1299 1335 1349 recte

203 1408 270 1469 esse
297 1389 416 1451 svitso
442 1390 590 1473 ecriptore
617 1391 656 1452 sd
684 1390 800 1451 lebulss
821 1383 886 1479 s'liis
906 1392 1081 1455 horninibus
1106 1391 1249 1455 trsditss
1268 1391 1336 1451 rela-

202 1500 275 1557 nn.
318 1491 433 1553 Deinde
453 1512 472 1553 s
492 1492 580 1553 nobie
599 1492 674 1573 ipsis
695 1514 756 1556 non
776 1493 925 1557 immerito
947 1506 1043 1559 totum
1064 1490 1234 1559 irridendi
1250 1512 1333 1573 gener

202 1595 243 1658 sd
257 1592 463 1674 Aristophanis
481 1594 587 1657 leudes
605 1595 788 1677 pertinuisse
808 1596 923 1659 dictum
944 1618 1010 1663 esse
1025 1598 1202 1681 sppsruit.
1225 1596 1332 1675 neque

203 1698 366 1761 obscurum
386 1706 447 1773 eat,
472 1716 532 1777 qus
552 1695 668 1758 ratione
688 1696 736 1759 illi
755 1698 986 1781 Aristophanem
1009 1720 1065 1763 sno
1088 1698 1217 1763 laberis
1237 1698 1330 1781 privs-

201 1808 268 1863 tum
289 1814 355 1861 etse
375 1798 477 1861 fructu
498 1799 685 1863 dictitsrnnt.
727 1802 844 1865 Etenim
864 1802 921 1866 vix
941 1803 1049 1881 eredo,
1069 1811 1250 1885 propterea
1269 1800 1328 1859 illos

200 1896 321 1987 τετράδι
341 1898 496 1985 γενονέναι
509 1900 744 1982 Arietophanenr
766 1906 938 1983 sllirmasse,
959 1907 1030 1987 quis
1050 1908 1201 1986 ποιητοῖο
1223 1898 1326 1985 μισθόν

199 2026 264 2068 uon
284 2002 436 2083 acceperit
445 2000 498 2085 71).
539 2002 587 2065 lta
614 2005 692 2065 enim
714 2026 779 2084 cepe
806 2006 1063 2089 reprehenderent
1089 2009 1177 2090 ipsi,
1208 2026 1270 2069 uon
1287 2005 1324 2065 ri·

90 2186 102 2199 ,
200 2108 308 2171 duent
335 2102 575 2186 Arietophsnem.
628 2103 669 2166 ht
696 2109 778 2189 quod
806 2110 860 2171 elii
884 2110 1007 2193 publice
1032 2111 1274 2173 celebrabantur
1295 2117 1323 2169 'et

199 2209 330 2293 publicis
357 2208 557 2268 monumentis
588 2215 624 2269 ut
657 2209 788 2272 victores
814 2210 1069 2292 inscribebantur,
1110 2210 1321 2295 Aristophanis

197 2300 291 2392 igitur
310 2330 419 2373 nomen
440 2308 631 2371 delitescebat
658 2320 690 2372 et
718 2313 907 2377 minuebatur
929 2316 1004 2379 bene
1023 2324 1113 2399 parta
1140 2315 1257 2397 gloria,
1282 2312 1320 2372 illi

196 2415 346 2492 riserunt3
378 2412 461 2493 quod
488 2412 591 2491 quenti
612 2412 740 2475 fecerint
760 2415 954 2479 Athenienses
982 2410 1154 2501 φιλότιμοι,
1182 2439 1244 2487 non
1272 2424 1317 2491 est,

197 2516 238 2583 ‹le
266 2538 326 2597 que
357 2515 448 2577 letiue
478 2512 639 2594 disputem.
682 2517 820 2579 Ceterum
842 2520 867 2580 ci
888 2518 963 2581 haec
984 2502 1056 2583 vers
1076 2528 1171 2600 aunt,
1205 2520 1244 2581 de
1265 2537 1317 2598 quo

91 2684 98 2693 ,
196 2638 285 2679 nemo
309 2614 473 2693 dubitabit,
494 2613 569 2675 haec
586 2617 781 2698 reprehensio
802 2622 839 2682 iis
860 2622 949 2685 debet
969 2622 1168 2707 popularium
1189 2621 1316 2683 testimo·

195 2720 255 2781 niis
281 2718 320 2798 de
345 2716 464 2801 poitica
484 2716 691 2799 Aristophanis
717 2722 832 2785 virtute
859 2723 1101 2787 luculentissimis
1126 2724 1202 2788 eddi
1209 2768 1220 2805 ,
1248 2740 1315 2805 quse

135 2906 138 2912 Ι
194 2820 304 2907 primis
324 2818 474 2900 capitibus
493 2816 585 2881 huius
606 2825 862 2887 commentationie
878 2835 1056 2909 persecutus
1077 2847 1159 2892 sum.

280 2924 370 2985 Nunc
397 2922 519 2985 domnus
545 2922 619 2984 licet
643 2924 731 2985 nobis
757 2927 797 2987 ed
824 2927 1032 3009 grammaticos
1066 2938 1098 2991 et
1130 2925 1313 2998 echoliastes,

196 3026 251 3109 qui
269 3023 350 3087 bsnc
370 3023 576 3106 Aristophanis
598 3026 704 3104 sgendi
721 3027 865 3090 rationem
885 3031 1078 3111 primumque
1103 3030 1175 3093 eins
1202 3030 1236 3088 in
1255 3044 1312 3085 sce·

194 3136 265 3191 nsm
285 3132 450 3208 ingressum
471 3126 711 3209 deecripeoruut‚
743 3129 828 3194 adire
856 3140 887 3195 et
916 3152 993 3215 quae
1021 3132 1066 3193 illi
1092 3129 1144 3193 his
1175 3128 1311 3193 adiicnt

193 3230 254 3296 fide
274 3230 378 3315 digne,
399 3228 605 3315 contemplari.

714 3450 802 3528 XX·

274 3639 420 3703 Ilndocim
440 3649 602 3725 supersunt
621 3638 833 3725 Aristophanis
853 3638 986 3719 fabulae,
1017 3638 1054 3703 ab
1077 3640 1223 3713 archonte
1249 3632 1303 3695 titt

188 3738 378 3823 Euthymene
398 3744 463 3805 sira
484 3742 672 3825 Euthydemo
702 3765 798 3825 usqne
826 3744 867 3806 sd
890 3744 1082 3827 Antipatrum
1104 3744 1213 3805 doctae
1237 3735 1303 3823 (hoc

191 3852 238 3904 est
259 3846 296 3907 ab
319 3846 369 3910 01.
392 3850 445 3921 88,
466 3852 487 3915 3
508 3866 605 3929 usqne
629 3848 668 3909 ad
690 3848 738 3909 01.
756 3852 807 3923 97,
829 3850 867 3921 t,
904 3848 986 3929 quod
1006 3866 1089 3908 nunc
1116 3844 1237 3928 quidem
1257 3852 1301 3897 su·

189 3946 315 4024 mimus,
352 3955 459 4030 postea
487 3960 587 4012 autem
618 3948 912 4033 demonstrabimus).
963 3950 1099 4023 Quarum
1126 3950 1158 4011 in
1184 3956 1302 4008 numero

196 4088 405 4107 Ἣ

207 4182 249 4254 π’)
262 4184 325 4239 Non
341 4183 460 4243 oblivisci
477 4184 608 4254 debenus,
625 4183 694 4259 qued
713 4206 742 4241 se
758 4182 823 4241 dicit
838 4180 986 4239 ineetviisse
1002 4180 1122 4255 ἑτέροισι
1137 4178 1266 4252 ποιητοῖο.

114 4328 118 4339 .
207 4270 248 4338 ²¹)
263 4272 312 4327 olr-
328 4272 459 4329 Boeckb's
475 4274 589 4329 socon
607 4273 655 4329 der
671 4273 733 4328 Atb.
749 4272 775 4336 l,
789 4288 816 4341 p.
826 4270 889 4325 258.
