2784 4959
236 338 309 411 DE
341 336 782 423 AlllSTOl'HANIS
815 339 970 420 VITA.
1096 370 1190 425 ass,

65 549 111 591 nus
126 528 226 593 amarit
248 525 308 605 ⁸⁵),
336 526 534 609 Aristophani
562 536 662 591 intem
683 525 815 591 debitum
841 526 989 592 bonnam
1014 552 1078 593 non
1103 536 1161 597 asi·

67 632 177 712 paitil).
214 634 370 695 Praeterea
395 650 459 691 non
479 631 604 694 Athenis
624 640 743 693 tantum
762 631 958 692 facetissimos
978 640 1085 713 poetae
1108 636 1168 697 lu..

71 754 113 791 sus
129 735 242 812 auditos,
265 733 319 793 sed
340 752 415 792 mox
438 752 493 812 per
520 714 592 795 alias
613 734 703 795 etiam
725 752 845 811 massas
879 732 1016 797 civitates
1041 758 1166 819 propa·.

74 844 137 911 gatos
147 846 171 897 et
184 837 216 895 in
222 834 430 895 hlaoeslonisna
451 854 570 926 quoqne
587 834 702 897 delatos
715 854 795 913 ease,
816 835 952 917 Philippi
966 839 1163 902 ostendisse-

74 936 106 1013 gis
121 937 302 997 Macedonum
324 936 514 1017 exemplum,
542 938 594 1017 qui
618 937 822 1019 proditoribus
843 938 1022 1017 quibusdam
1047 940 1167 1002 Aristo-¹

70 1036 257 1115 phanensersu
269 1039 461 1119 respondisse
479 1040 573 1101 sertem
596 1040 652 1113 38).
671 1040 713 1099 At
728 1040 765 1099 ad
780 1060 829 1100 res
848 1042 944 1101 multo
958 1042 1093 1121 potiores
1111 1044 1168 1106 las-⁸

69 1141 137 1199 uiuat
156 1144 257 1203 oratio.
300 1142 454 1216 Quamdiu
470 1143 549 1203 enim
571 1142 787 1223 Aristophanes
801 1141 927 1203 Athenis
942 1144 1055 1224 ingenii
1070 1145 1165 1207 landa.

67 1242 178 1305 lambat:
205 1244 393 1306 Atheniensis
421 1245 590 1326 respublica
617 1246 711 1307 variis
739 1253 785 1305 est
808 1244 941 1320 casibus,
974 1268 1043 1307 oum
1071 1248 1168 1309 bonis:

66 1347 176 1407 omnibns
189 1347 320 1423 acerbis,
343 1357 409 1408 tum
425 1348 573 1429 imprimis
595 1344 787 1425 Aristophani
808 1345 954 1407 luctuosis
967 1351 1169 1429 perturbata5.

65 1447 150 1523 quibas
167 1449 339 1511 comoediae
350 1450 494 1526 mutatio,
517 1448 679 1529 quaemihi
702 1448 822 1527 quidem
841 1450 956 1530 exipaa
974 1472 1077 1513 rerum
1094 1474 1169 1515 nan.

67 1558 119 1609 tara
134 1562 194 1612 orta
210 1573 274 1613 esse
292 1553 429 1630 videtur,
452 1562 497 1613 est
517 1552 619 1619 adiuta
640 1560 670 1611 et
689 1551 861 1628 accelerato.
903 1553 1052 1617 Tenemus
1075 1556 1170 1619 enin,

69 1654 195 1731 nenena,
224 1675 289 1714 eam
313 1655 534 1734 quassatique
559 1662 685 1716 vocatur
705 1651 842 1713 desiisse:
877 1654 1010 1737 eoepisse
1034 1676 1157 1733 noram,

68 1756 128 1817 caios
143 1759 235 1839 prima
251 1756 341 1817 initia
358 1756 446 1817 brevi
464 1767 532 1817 ante
550 1756 642 1817 finem
661 1758 743 1819 visas
757 1775 869 1835 cycnea
891 1758 975 1836 qussi
994 1778 1071 1819 voce
1090 1758 1160 1819 Ari·

66 1860 200 1939 stopbanes
217 1860 331 1923 iecerit.
372 1860 442 1921 Non
462 1858 569 1919 attinet
585 1880 685 1938 nuno,
714 1862 778 1925 eins
794 1864 841 1925 rei
857 1862 990 1924 rationes
1010 1880 1158 1923 enarrans.

66 1959 97 2020 lle
117 1964 230 2045 antiqua
259 1961 446 2044 possessione
473 1962 590 2043 ‹lepulsi
620 1964 729 2025 comici
760 1971 869 2046 potitae
890 1965 986 2025 sliam
1011 1973 1083 2025 sunt
1104 1964 1159 2024 in-

66 2066 137 2137 gressi
156 2070 242 2128 nans.
284 2064 370 2131 Inter.
384 2084 460 2144 qnos
480 2083 573 2143 quum
594 2064 667 2125 artis
691 2076 829 2129 anetam
850 2076 882 2127 et
903 2066 1083 2129 inventores·
1096 2067 1158 2128 ism

69 2162 109 2223 diu
120 2166 153 2226 la
170 2167 226 2227 sita
244 2167 438 2227 decessissent
444 2190 466 2244 ,·
478 2165 597 2244 ingenio
618 2160 650 2232 at
666 2166 806 2229 doctrina
824 2188 927 2229 omnes
948 2168 1104 2249 superavit
1123 2168 1159 2230 iss

71 2284 163 2347 saaqne
182 2288 281 2348 genere
299 2268 452 2349 perlectus
472 2269 588 2329 exstitit
607 2268 781 2331 Menander.
822 2270 865 2331 At
890 2269 951 2330 eins
971 2270 1157 2351 preostensis

75 2370 275 2449 comoediarum,
302 2370 401 2429 marita
431 2370 530 2432 minus
561 2379 595 2433 ut
622 2370 688 2431 fieri
720 2373 811 2451 salet,
843 2372 1012 2452 aequalium
1039 2370 1157 2431 animos

77 2468 157 2547 cepit,
171 2493 239 2551 qoam
262 2483 473 2555 posterorum
495 2472 535 2531 ita
557 2482 591 2533 ast
612 2474 664 2553 qni
685 2483 789 2555 postea
809 2472 971 2553 gloriosum
993 2473 1031 2533 de
1054 2492 1091 2532 eo
1111 2472 1159 2533 its-

75 2568 164 2631 eliciam
181 2576 303 2653 ferrent,
340 2574 429 2637 simul
456 2596 582 2655 pravam
614 2578 782 2655 aequalium
812 2586 941 2636 mentem
963 2573 1157 2635 vehementer

71 2668 210 2737 honoreus
227 2678 280 2752 ³⁹).
322 2680 412 2758 Apud
431 2686 567 2758 posteros
589 2676 682 2755 igitar
706 2678 869 2739 Menander
889 2676 1082 2757 Aristophani
1104 2697 1156 2737 ex-

69 2775 230 2841 stitit'bastis
245 2780 419 2841 acerrimos.
461 2778 594 2855 Etenim,
618 2780 760 2859 quonism
776 2780 837 2840 suis
857 2780 890 2839 in
911 2780 1074 2840 comoediis
1093 2800 1156 2840 nass
1189 2856 1193 2870 ι
1246 2776 1263 2795 “

68 2878 175 2953 pnitioae
199 2884 272 2942 artis
302 2882 401 2943 solam
429 2892 616 2941 venustatam
647 2902 719 2963 prae
739 2902 771 2942 se
806 2882 913 2960 fen-et,
943 2884 995 2942 sed
1015 2882 1156 2963 philoso-

68 2976 147 3055 phian
163 3004 279 3065 qnoque
305 3005 392 3066 quam
413 2984 606 3067 profiteretur
627 2995 741 3065 artem,
763 2984 820 3046 sibi
840 2986 1013 3047 assumsisse
1031 2986 1155 3047 sidera·

70 3154 242 3177 ‘'h-—a--u

94 3266 216 3337 “lllnltls
240 3272 322 3326 rebus
345 3274 484 3325 nummatus
507 3270 574 3324 bano
598 3268 752 3325 sententiam
778 3272 910 3342 proposui.
932 3269 1009 3324 Licet
1032 3268 1097 3323 enin
1122 3286 1155 3323 ea
1245 3324 1247 3327 ,

133 3356 184 3408 pass
202 3344 264 3396 libri
283 3340 496 3411 praestantissimi
514 3342 547 3392 ue
565 3349 622 3393 arte
640 3342 759 3409 postiae,
791 3358 840 3408 qua
865 3342 898 3393 de
923 3338 1054 3391 coissoedia
1078 3355 1154 3391 saesa-

132 3420 181 3465 sats
197 3412 297 3472 tamtus
314 3420 368 3475 eat,
386 3411 532 3461 interierita
557 3418 641 3461 umen
660 3426 690 3459 nx
709 3409 895 3479 superstitibus
919 3408 992 3461 libsis
1010 3410 1067 3460 eiua
1085 3409 1155 3461 verl-

133 3486 165 3533 tss
182 3479 305 3549 cognosci
323 3487 417 3549 potest.
455 3478 493 3531 Ut
510 3477 591 3565 ipsius
609 3478 695 3529 serbis
713 3489 782 3540 utar,
798 3474 892 3545 ψόγον
906 3477 1013 3531 maxima
1031 3492 1063 3529 ex
1078 3488 1155 3545 parte
1185 3492 1194 3509 ⁶

133 3565 159 3601 ex
176 3550 310 3603 consuestis
328 3547 478 3610 ramosisse,
496 3567 527 3599 so
546 3546 652 3614 pilosos
671 3548 697 3599 in
723 3547 777 3601 eius
800 3548 882 3601 locans
898 3547 1063 3599 substituisse
1081 3546 1156 3603 visle-

132 3622 184 3680 tur,
201 3618 233 3671 ei.
254 3618 301 3673 lV.
325 3620 341 3685 §
363 3620 388 3671 8.
407 3616 434 3669 at
459 3618 475 3682 §
501 3618 541 3671 12.
566 3614 673 3685 exempl.
692 3614 798 3679 Herm,
825 3618 859 3670 ci.
876 3616 986 3683 Lessing
1010 3614 1154 3685 llambnrg.

132 3682 322 3757 liramatnrgie,
339 3686 366 3739 in
383 3684 556 3739 sAnsmtliclsen
574 3682 707 3737 Schriften
726 3686 756 3737 V.
774 3684 859 3741 XXV.
878 3702 906 3755 p.
922 3684 975 3739 270
994 3701 1067 3753 seqq.

97 3780 125 3848 n)
136 3788 225 3843 Crebro
247 3789 367 3844 univerae
383 3789 418 3843 sie
435 3784 564 3841 comoedis
581 3786 724 3851 dissuens,
750 3788 856 3859 reliquis
873 3804 924 3841 sou
940 3788 1152 3854 aommesnoratis,

134 3856 318 3928 Aristophanen
335 3858 451 3929 appellat
466 3860 521 3908 Art.
540 3856 611 3924 poiet.
630 3856 678 3909 lll.
694 3860 712 3923 S
729 3855 755 3913 4.

99 3950 172 4019 'tos
187 3962 281 4015 rese.
299 3958 414 4014 ostsssa.
433 3956 510 4022 vus,
529 3958 690 4017 sss-ses.
708 3961 750 4018 ea.
767 3960 862 4014 nan
880 3960 951 4032 nne
962 3958 1151 4033 Apophttsegn.

138 4044 158 4095 p.
172 4032 227 4087 178.
245 4030 277 4083 B.
294 4030 386 4084 inlisu.
404 4028 491 4081 orate.
510 4026 568 4094 Vll,
587 4044 613 4096 p.
630 4031 683 4085 389
709 4030 752 4085 es.
770 4031 854 4083 Pstis.

99 4122 130 4193 ⁸⁸)
144 4128 252 4193 Quicni.
270 4131 368 4185 lnstist.
392 4130 481 4183 Orstt
505 4130 541 4195 X,
558 4131 618 4198 t,§
644 4134 684 4187 19·
710 4131 758 4195 111,
783 4134 811 4197 7,
835 4136 852 4199 s
878 4136 919 4189 1&
945 4128 1047 4185 Gelltns
1064 4132 1100 4187 N.
1118 4132 1149 4182 A.

137 4196 356 4337 Attea
373 4200 1048 4339 ,attestantem
1072 4216 1152 4253 r·
