2784 4959
238 415 352 468 eeexs
581 385 1030 502 ΟῼΜΜΕΝΤΑΤΙΟ

239 601 287 641 sm
310 591 397 642 erunt
426 575 640 666 reseptse⁴⁰);
668 577 839 642 rhetoricae
867 579 941 640 setis
961 577 1066 640 studio
1086 581 1208 642 iuvenes
1226 582 1276 642 ian
1289 585 1326 644 dn.

235 681 308 744 dum
329 683 446 744 animos
467 703 539 743 euos
562 684 754 760 dicaverant,
779 681 854 762 quid
875 680 968 761 igitur
987 681 1137 763 impedire
1156 693 1271 765 poterat,
1285 709 1325 766 qno

235 785 335 846 minus
358 785 484 865 Gorgias
506 785 625 847 Siculae
647 784 836 866 eloquentiae
864 782 968 845 indole
989 781 1187 858 Athenienses
1211 797 1278 848 totos
1292 790 1326 850 ds

233 887 336 948 liniret
357 909 393 948 oo
415 887 560 968 caperet?
594 889 637 948 lta
659 889 800 970 prolecto
822 889 926 951 divino
956 887 1085 948 consilio
1107 887 1216 949 sactum
1234 898 1283 965 est,
1305 900 1326 948 nt

234 991 347 1071 optima
379 993 486 1071 pohtae
504 991 610 1053 nostri
639 1000 801 1073 proecepts
829 993 867 1052 eh
898 988 1077 1069 aequslibus
1099 1009 1160 1048 non
1180 989 1325 1050 sudisentn.

232 1093 337 1172 Neque
366 1101 465 1159 lamen
485 1091 601 1171 ,misum
623 1102 686 1170 est,
719 1094 804 1175 quod
833 1093 886 1174 qui
915 1098 1042 1172 propter
1071 1089 1124 1149 ille
1153 1091 1243 1152 studia
1261 1091 1325 1151 Athe·

233 1185 352 1256 nienses
379 1205 589 1271 accusaverat,
620 1194 751 1274 Gorgiae
781 1215 903 1276 qnoque
930 1202 1057 1254 eonstus
1087 1200 1155 1253 toto
1183 1195 1324 1253 animosus

200 1351 204 1356 .
234 1298 426 1378 exstinguere
455 1297 587 1360 volebat.
637 1296 704 1356 Hoo
734 1307 834 1358 autem
869 1299 902 1358 in
930 1297 1110 1377 Babyloniis
1145 1297 1249 1357 sectum
1275 1317 1323 1369 esse,

232 1402 389 1484 psseclsre
411 1400 544 1462 ostendit
568 1398 693 1459 Diodori
717 1407 747 1458 et
768 1399 979 1483 Aristophanis
999 1401 1032 1460 in
1062 1399 1188 1478 singulis
1207 1398 1270 1458 eden
1284 1417 1324 1456 ιο·

234 1503 319 1564 αἰΙιιιι
340 1521 515 1564 eousensue.
557 1503 586 1561 Is
615 1501 694 1562 enim
721 1502 791 1561 loeo
820 1502 1059 1567 celebratissimo
1087 1500 1164 1562 haec
1191 1501 1225 1562 de
1245 1499 1323 1578 Gorgia

234 1605 386 1666 enarravit
406 1647 428 1680 „
441 1596 538 1678 Οὗτος
551 1595 609 1666 οὖν
630 1599 817 1685 καταντήσας
840 1605 883 1679 εἰς
903 1601 958 1679 nde
974 1598 1113 1686 Ἀθήνας
1133 1603 1183 1666 sul
1202 1599 1323 1685 ταραχθεὶς

234 1707 278 1781 εἰς
304 1702 359 1771 τᾶν
388 1707 487 1786 δῆμον
514 1705 652 1786 διελέχθη
673 1712 738 1780 τοῖς
758 1697 933 1787 Ἀθηναίοις
954 1707 1024 1788 περὶ
1045 1703 1104 1782 ταὶς
1125 1708 1274 1788 συμμαχίας
1289 1702 1322 1765 sal

232 1813 280 1893 τῷ
302 1808 503 1884 ξενίζοντι
525 1813 594 1889 τῆς
622 1806 763 1883 λέξεως
784 1807 972 1890 ἐξέπληξε
995 1806 1091 1884 τούς
1111 1803 1320 1889 Ἀθηναίοις,

233 1907 348 1984 ὄντας
376 1903 543 1989 ια’φνεῖς
573 1909 639 1972 sul
669 1903 932 1993 φιλολόγους,
963 1911 1165 1995 διαφέρουσιν
1190 1904 1321 1977 ἀντιθέτοις

229 2011 282 2076 οιαὶ
312 2007 469 2086 ιὀοιιοὶλοις
497 2007 550 2074 sul
578 2014 719 2096 παρίοοις
745 2013 797 2076 uui
819 2011 1059 2094 ὅμοιοιελιύτοις
1079 2014 1133 2078 καί
1152 2030 1225 2074 τισιν
1241 2008 1321 2088 ἑτέροις

230 2111 396 2190 τοιούτοις,
418 2111 439 2176 l?
459 2109 526 2178 τότε
546 2111 601 2196 μὲν
624 2111 686 2178 ded
708 2112 750 2178 sd
770 2115 886 2191 ξένον
908 2121 978 2198 τῆς
998 2118 1243 2193 ιιαταοιιινῆς
1259 2105 1319 2172 les

232 2217 352 2298 δοχῆς
374 2211 557 2298 ἠξιοῦτο,
580 2221 638 2280 νῦν
660 2219 720 2280 de“
742 2228 814 2280 cett.
857 2217 1031 2298 Eademque
1053 2219 1170 2278 ustione
1184 2209 1318 2291 Aristophs

229 2339 294 2397 ues,
316 2321 514 2396 ξενικοῖσι
539 2314 574 2383 id
582 2318 721 2404 γοις47)
738 2330 771 2381 ut
783 2319 947 2384 ne'iterusn
961 2319 1142 2381 fallerentur
1155 2317 1319 2385 Athenienses,

229 2441 293 2482 sese
316 2421 449 2482 effecisse
471 2422 607 2498 dixerat3
636 2421 688 2484 sed
717 2424 751 2484 id
780 2425 873 2485 semel
894 2423 1105 2483 tautummodo
1127 2420 1220 2500 tetigit
1236 2429 1261 2479 et
1276 2435 1317 2475 uuo

227 2523 332 2584 verbo.
374 2524 473 2584 Alinn
500 2525 593 2602 igitur
621 2545 758 2586 caussam
786 2527 836 2588 vel
865 2513 1008 2600 maiorem
1031 2523 1223 2586 Athenienses
1245 2522 1318 2598 impu·

227 2623 316 2700 lisss,
351 2634 384 2685 ut
412 2625 518 2704 legetis
548 2635 649 2706 optuts
679 2620 894 2705 concederent,
933 2626 1076 2688 eredidil.
1120 2627 1253 2688 Adulstos
1273 2637 1317 2680 use

226 2725 344 2786 siculos
366 2725 480 2806 legulos
493 2725 732 2803 Atheniensibus,
756 2733 923 2812 urbemque
944 2725 1076 2813 λιπαρᾶς
1098 2740 1129 2790 st
1158 2719 1318 2805 tentonus

226 2826 394 2906 appellasse
423 2839 452 2889 et
479 2829 521 2890 ite
548 2831 660 2892 auxilia
689 2835 840 2915 accepisse
860 2833 1025 2895 contendit.
1073 2835 1174 2913 lleque
1192 2830 1222 2890 id
1240 2832 1316 2887 contre

225 2939 357 2990 nostram
387 2929 558 3012 opinionem
588 2933 688 2995 eii'erri
719 2945 836 3016 potest3
867 2937 937 3016 quia
957 2935 1039 2996 idem
1061 2945 1127 2995 tum
1149 2926 1316 3012 burgiense

226 3030 312 3108 sisse,
335 3043 369 3094 ut
391 3055 445 3113 pes·
466 3053 498 3094 se
521 3036 743 3118 estprohahile,
764 3037 805 3097 ita
828 3037 892 3096 eins
914 3037 1106 3117 eloquentiae
1127 3055 1227 3115 genere
1245 3039 1314 3090 osltflr

225 3131 317 3195 ditur.
362 3136 456 3196 Docet
477 3135 553 3198 enim
575 3136 754 3199 Aristoteles
767 3139 814 3220 ⁴⁸)
843 3139 905 3216 „tv
932 3135 966 3201 di
993 3144 1059 3214 τοῖς
1079 3139 1270 3206 ἐπιδεικτικοῖς
1284 3129 1317 3188 iil

224 3229 280 3298 eds
302 3229 395 3318 λόγον
423 3235 614 3305 ἐπεισοὸιοῦν
635 3241 787 3319 ἐπαίνοις,
812 3235 881 3307 οἷον
899 3233 1071 3323 Ἰσοκράτης
1089 3246 1183 3305 ποιεῖ·
1204 3234 1254 3300 olel
1273 3220 1313 3311 yde

237 3537 277 3606 ⁴⁴)
295 3539 368 3592 lissa
385 3539 468 3594 onnie
485 3541 622 3614 superiore
638 3544 726 3616 eapite
742 3544 915 3616 exposuimus.
950 3543 1010 3599 ilos
1032 3546 1092 3600 loeo
1113 3558 1174 3598 usus
1188 3555 1236 3594 m
1249 3535 1312 3587 Ν·

269 3633 270 3638 =
290 3608 364 3662 hardi
382 3610 515 3681 Spengelil
533 3612 621 3667 verbis
639 3615 773 3684 aptissime
788 3614 866 3669 dietis
882 3615 911 3668 iu
928 3617 986 3670 Art.
1002 3613 1106 3686 soeiptt.
1123 3631 1148 3684 p.
1162 3613 1203 3668 68·

237 3689 278 3760 ⁴²)
296 3691 336 3747 lu
353 3695 533 3766 Aristophsnis
548 3698 631 3751 verbs
648 3697 779 3770 intelligo,
803 3706 832 3754 ut
849 3699 981 3756 strictiore
998 3718 1076 3755 sensu
1095 3717 1125 3754 es
1144 3699 1235 3756 lentur·
1256 3697 1311 3758 ‘iffi'

288 3777 341 3831 quo
362 3765 423 3836 oapi
446 3765 528 3820 voluit
551 3766 689 3821 scholiasts
713 3775 797 3835 „soie
819 3765 873 3826 niso*
897 3769 955 3826 seis
977 3769 1066 3839 ξένοιν
1080 3789 1118 3837 ας
1165 3749 1310 3848 sumi

287 3835 377 3893 νοις.“
411 3833 580 3906 Thucydides
597 3853 681 3906 neque
699 3839 826 3909 (largiens
847 3846 1042 3905 commemoret,
1059 3857 1144 3911 usqne
1159 3837 1191 3890 de
1205 3845 1253 3885 estu
1265 3837 1309 3905 Ψ·

286 3897 364 3953 tionis
406 3919 483 3958 euers
508 3905 616 3975 eiusque
637 3904 665 3959 vi
687 3923 781 3977 usgue
804 3906 945 3992 quidquem
962 3910 1084 3980 protulit:
1111 3925 1144 3961 ex
1159 3892 1309 3958 mettium

287 3983 342 4021 sus.
377 3919 478 4032 dunen
495 3973 668 4044 Thucydides
685 3977 803 4046 Gorgias
820 3978 959 4049 disespnlus
976 3979 1079 4044 ίιιῑινοι,
1095 3975 1162 4031 hsnd
1177 3968 1245 4025 dubie
1258 3963 1307 4037 huf

286 4051 337 4089 non
354 4041 586 4108 praemisisset,
611 4059 668 4097 eun
686 4046 785 4100 honore
801 4046 948 4115 efficiendi,
973 4046 1192 4106 consuetudineque
1213 4042 1239 4090 ut
1251 4035 1307 4085 lnt-

285 4103 405 4173 phontesn
428 4107 555 4164 laudavit.
597 4111 640 4174 Qu
693 4131 750 4168 uene
782 4115 827 4186 qui
849 4115 968 4186 Gorgiae
990 4116 1144 4170 lnitstoren
1171 4123 1222 4165 stt!
1242 4099 1305 4154 Μ’

284 4183 424 4248 propterea
440 4179 596 4247 reprehendi
612 4197 664 4236 uon
699 4185 774 4250 obet,
791 4185 839 4239 sir.
856 4185 931 4238 Fons.
948 4185 1033 4255 Gorg.
1050 4203 1077 4256 p.
1089 4183 1133 4237 60.

232 4263 272 4332 ν)
289 4267 369 4322 nne
388 4267 497 4326 ιιιιιιι.
512 4270 561 4342 ιιι,
579 4274 622 4338 ιι,
638 4289 666 4346 p.
681 4277 743 4334 soe.
