2784 4959
220 313 301 441 'ess
393 466 396 476 ,
497 296 499 303 ’
541 296 1013 439 COMMENTATIo

218 560 258 616 οὲ
280 552 476 629 Quinctiliani
493 552 733 616 institutionibus
756 550 901 615 Oratorils
918 549 982 626 ω),
1001 548 1053 632 qni
1073 549 1191 613 Graeci
1218 546 1352 609 rhetoris

170 662 174 669 '
216 658 347 737 uestigiis
370 666 488 717 tantum
512 676 574 717 non
605 655 716 735 ubique
741 655 881 715 insistens
905 651 949 734 ³⁰)
970 653 1034 713 eiua
1062 652 1100 713 de
1125 652 1248 733 priscis
1268 650 1352 711 scri-

152 800 156 812 ·
216 760 353 841 ptoribus
373 759 519 820 iudicium
538 759 581 818 ita
603 757 724 819 videtur
737 757 893 839 amplexus
914 776 989 832 esse,
1013 763 1048 815 ut
1065 754 1123 815 vix
1151 753 1253 813 semel
1273 752 1351 811 illud

215 863 409 941 relinqueret.
452 863 604 923 Praeterea
621 869 721 919 autem
742 857 776 918 in
797 858 921 938 reliquis
942 856 980 917 ab
1001 857 1105 918 eodem
1124 857 1201 919 uiro
1226 855 1351 936 scriptis

215 964 374 1027 rhetoricis
396 962 569 1043 criticisque
583 960 708 1036 libellis,
729 982 806 1041 quae
819 962 881 1021 eius
894 960 932 1021 de
950 960 999 1021 lsis
1009 960 1101 1021 rebus
1115 959 1233 1041 opinio
1246 959 1352 1029 luerit,

215 1088 278 1129 nou
299 1066 426 1127 obscure
444 1064 609 1128 indicatum
627 1064 775 1146 reperitur
786 1062 839 1151 ⁸¹).
882 1064 923 1125 At
939 1084 1003 1123 uon
1021 1044 1117 1123 multo
1140 1071 1220 1143 post
1243 1060 1352 1123 iudicii

216 1168 358 1249 iniquitas
381 1165 459 1227 miro
476 1168 566 1228 modo
588 1188 651 1229 aeae
673 1167 776 1248 prodit
794 1166 828 1226 in
846 1166 994 1247 scriptore
1011 1164 1118 1225 merito
1138 1166 1181 1225 ab
1205 1164 1350 1227 omnibus

187 1272 190 1285 '
214 1270 354 1345 laudato,
376 1266 546 1328 Plutarcho.
589 1268 649 1341 Qui
667 1272 780 1349 quanto
798 1290 899 1329 amoro
920 1268 1112 1349 prosequitur
1124 1267 1348 1343 Menandrum,

214 1376 300 1433 tauto
322 1368 551 1450 Aristophanem
577 1370 777 1451 reprehendit
790 1372 870 1433 odio.
912 1368 1015 1450 Neque
1033 1389 1092 1429 uno
1116 1370 1258 1433 sortasse
1280 1392 1349 1429 mo·

215 1482 318 1533 mento
334 1471 513 1550 cogitatione
530 1458 670 1553 abreptus
688 1493 742 1534 sua
762 1474 795 1533 in
813 1471 955 1537 acerbum
970 1472 1116 1533 iudicium
1128 1472 1271 1552 incidit,
1294 1472 1348 1531 sed

215 1594 307 1655 quum
330 1592 424 1655 paene
442 1574 555 1654 ubique
576 1574 700 1635 eandem
721 1582 793 1655 p'rae
816 1596 847 1635 se
865 1576 942 1636 serat
959 1574 1167 1654 iniquitutem,
1192 1584 1263 1635 toto
1282 1570 1348 1632 ani-

215 1695 266 1735 mo
287 1680 390 1755 poitae
414 1674 601 1737 adversarius
627 1676 843 1738 existimandus
871 1686 924 1737 est.
966 1677 1085 1739 Etenim
1106 1677 1236 1737 nullum
1259 1676 1347 1736 adest

213 1777 310 1839 maius
332 1777 521 1855 certaminis,
549 1779 632 1857 quod
649 1780 729 1841 inter
753 1776 983 1861 Aristophanem
1002 1789 1034 1841 et
1054 1780 1264 1843 Menandrum
1286 1798 1346 1857 ge-

165 1888 174 1907 ·
213 1888 294 1955 stum
308 1875 587 1957 attestimoniare,
610 1902 701 1960 quam
712 1881 895 1963 comparatio
906 1882 986 1945 inter
1000 1892 1161 1964 utrumque
1181 1904 1202 1943 n
1217 1883 1345 1943 Plutar-

148 2052 151 2059 .
214 1980 272 2041 cho
299 1981 454 2055 instituta,
483 1982 567 2042 cuius
585 1983 738 2063 epitomen
761 1993 880 2045 tantum
903 1984 1091 2066 possidemus
1109 1982 1169 2071 ⁶²).
1213 1984 1290 2045 Hoc
1310 1984 1345 2043 iu

125 2094 126 2099 ’
212 2082 315 2145 libello
343 2104 436 2164 quum
460 2082 691 2165 Aristophanem
717 2094 859 2166 tanquam
880 2085 1033 2148 hominem
1058 2084 1198 2169 perversi
1231 2084 1344 2147 iudicii

214 2184 439 2267 descripsisset,
472 2206 566 2266 genus
606 2187 727 2250 dicendi
744 2189 823 2269 ¹eius
857 2187 1004 2250 illihesuls
1040 2188 1236 2269 indoctisque
1269 2210 1343 2248 mo·

207 2286 254 2349 'do
296 2297 326 2349 et
359 2288 483 2367 plebeiis
523 2288 693 2353 hominibus
725 2298 845 2369 gratum
874 2300 1030 2368 vocssset,
1063 2292 1210 2372 omnique
1242 2290 1338 2353 modo

214 2390 277 2453 eius
310 2390 498 2468 comoedias,
540 2401 683 2473 tauquam
705 2392 800 2453 omnis
832 2394 999 2480 venustatis
1025 2404 1163 2475 expertes
1189 2394 1228 2455 in
1261 2412 1342 2453 con·

211 2492 360 2573 temptum
399 2493 589 2557 adduxissets
631 2515 752 2573 magnas
792 2494 857 2556 dus
886 2496 934 2557 rei
964 2497 1045 2578 apud
1081 2516 1185 2557 omnes
1216 2494 1341 2555 Aristo·
1383 2525 1384 2530 1

210 2593 319 2675 phanis
359 2593 471 2655 amicos
499 2614 611 2677 poenas
638 2598 724 2660 dedit
758 2592 814 2683 ω).
856 2596 917 2657 Sed
940 2606 1094 2678 praeterea
1128 2598 1164 2657 in
1196 2598 1340 2679 Sympo·

209 2740 418 2776 uana-'ffl-

228 2845 232 2853 ’
296 2852 440 2907 editoribus
457 2850 611 2905 inscribitur
633 2864 717 2925 nuper
734 2853 812 2908 dotis
828 2852 951 2907 disseruit
967 2851 1079 2907 Dnttta
1096 2846 1179 2906 Geth.
1196 2845 1340 2907 Beckertts

296 2922 324 2975 lu
341 2922 407 2974 libro
425 2922 509 2975 bonae
526 2922 609 2991 tropis
627 2923 781 2993 plenissimo,
804 2923 907 2987 „Dion
929 2940 955 2973 v.
978 2920 1176 2976 Halicarnasson
1203 2918 1275 2975 iiber
1293 2923 1342 2975 dle

291 2980 498 3059 ¹llcdnergewalt
517 2992 563 3045 dea
590 2992 798 3047 Demosthenes“
822 2994 867 3059 (u.
887 2990 986 3059 1829.)
1009 3008 1035 3073 p.
1053 2990 1129 3044 xvlt
1146 3006 1209 3063 sqq.
1234 2990 1348 3045 Reislrii⁴

294 3058 416 3113 iudicium
433 3058 541 3143 Dionps.
558 3061 630 3131 Opp.
650 3061 706 3114 Vol.
722 3062 755 3124 V,
773 3078 799 3129 p.
815 3060 875 3116 673.
893 3060 973 3123 „Non
992 3058 1097 3111 videtur
1114 3062 1164 3114 hoc
1180 3062 1338 3128 opusculum

294 3128 511 3197 Dionysii'uostn
529 3146 601 3193 ease,
625 3130 694 3199 quod
716 3128 797 3182 dictio
819 3123 901 3199 ipsius
926 3128 1012 3182 statim
1036 3129 1210 3198 praeistiouis
1229 3129 1337 3185 docet“

296 3196 335 3251 ibi
352 3196 527 3250 confirmatum
544 3196 689 3267 reperiesa
706 3199 770 3251 Vtro
788 3196 957 3264 Doctissiuo,
975 3198 1088 3268 mihique
1104 3196 1247 3252 csrissiuro.

241 3282 281 3353 ιν)
298 3280 343 3338 Ci.
363 3281 468 3343 Quinot.
485 3283 583 3340 Institi.
601 3285 689 3338 Orstt.
707 3283 754 3346 lll,
773 3285 800 3347 7,
819 3285 859 3340 18.
876 3282 912 3348 X,
930 3288 956 3347 l,
972 3283 1016 3339 69.
1040 3284 1111 3355 „qui
1127 3285 1171 3338 vel
1187 3302 1256 3339 uuus
1274 3302 1331 3339 naso

291 3349 830 3476 tlltsllltllel*illimis
846 3354 1330 3493 difflii‘iipli'iioimdimm'

565 3460 573 3486 2

243 3504 284 3575 ⁸⁰)
302 3504 346 3558 Cf.
364 3512 413 3557 art.
432 3504 498 3559 rhet.
517 3522 543 3577 p.
562 3509 624 3563 302·
642 3508 675 3560 R.
700 3501 745 3576 „si
769 3506 801 3563 oi
824 3524 852 3576 pa
876 3508 1010 3593 suppodia
1033 3504 1077 3560 is’cs
1100 3503 1278 3563 scotasssiecus
1299 3506 1330 3562 ds

293 3578 353 3634 τοῖς
371 3570 509 3641 dpoinuos,
532 3576 580 3629 acl
599 3580 768 3645 φιλοσοφεῖ,
792 3570 893 3647 simpl
915 3596 965 3632 tos
986 3580 1126 3644 Κρατῖνον
1146 3578 1193 3631 ant
1208 3574 1329 3647 ’Apam-

300 3640 395 3711 φᾶνην
411 3644 459 3697 sol
478 3640 619 3709 Εὔπολιν,
638 3646 666 3698 τί
683 3646 790 3700 δεῖκαὶ
806 3645 909 3713 atyn„
925 3644 943 3716 ἧ
961 3645 1014 3715 yoip
1032 3666 1076 3700 sos
1093 3651 1226 3719 κωμῳδία
1244 3642 1326 3717 osisq',

292 3709 324 3766 sd
340 3716 450 3782 petolan
467 3710 685 3784 npocsqonpisq,
703 3717 891 3784 pstooopst;“
913 3734 941 3787 p.
956 3716 1018 3783 413,
1035 3712 1061 3770 6.

244 3812 283 3882 ⁶¹)
302 3812 411 3869 Becker.
428 3816 446 3869 l.
465 3816 483 3869 l.
501 3833 528 3888 p.
545 3816 619 3871 Xlll.

243 3916 284 3985 ιι)
300 3916 344 3972 cr.
363 3918 431 3975 nse
450 3920 521 3992 opp.
545 3916 604 3973 vot·
623 3918 658 3987 Η,
681 3934 709 3989 r·
725 3917 778 3975 ⁸5³
794 3936 852 3991 ut·

241 4020 279 4089 ⁵⁸)
299 4013 361 4072 Non
377 4021 510 4091 sulgsresu
528 4018 656 4092 aasentias
679 4023 772 4077 hocin
788 4022 855 4077 libro
872 4019 989 4088 ostendi,
1012 4021 1063 4077 iam
1088 4018 1211 4077 Heinsius
1237 4020 1325 4078 docuit

292 4088 363 4143 Prol.
381 4090 407 4143 in
425 4092 568 4149 Aristarch.
585 4110 652 4147 sacr.
671 4110 699 4163 p.
715 4094 733 4148 9
749 4110 807 4163 sqq.
833 4092 992 4147 Frischiions
1014 4102 1070 4146 sau
1092 4094 1207 4146 salutm
1224 4094 1325 4147 studuit

255 4191 265 4213 0
291 4152 466 4223 „detonsione
490 4162 670 4285 Aristophanis
696 4167 786 4215 contra
808 4161 938 4215 Plutarchi
964 4162 1180 4216 enninstiones“
1203 4181 1232 4233 p.
1247 4166 1323 4219 Bt·-

289 4225 511 4367 {i'tlf'sqhim'
528 4232 563 4289 da
595 4232 637 4287 ud.
655 4231 719 4287 dict
743 4248 770 4303 p·
788 4234 839 4289 106
862 4231 905 4286 ed.
927 4232 1015 4302 Kspp.
1039 4230 1168 4285 nonno
1190 4230 1321 4300 Aristoph·
