2784 4959
61 514 63 520 ,
167 429 282 533 κη,
409 390 1004 527 ''ruonseou'sun

166 578 352 676 videantur(
385 612 486 687 Qum
512 610 593 691 spud
617 628 665 671 m„
689 626 811 693 quoque
830 616 915 669 mc
938 607 1062 681 ,pm
1075 559 1181 665 ως.
1202 572 1318 669 podati

166 724 198 775 et
217 725 384 796 quaesunt
402 716 434 776 irl
450 734 544 794 genus
565 712 635 773 alia.

252 852 395 933 Superest
415 850 533 928 adhuc,
560 859 596 910 ut
614 848 760 911 eiusnodi
787 868 903 909 crassos
929 858 1071 909 accentus
1101 828 1318 901 diiudicetur.

167 975 242 1035 quae
254 954 352 1033 iungit
365 952 423 1013 tris
438 935 604 1032 vocabula,
616 962 652 1013 ut
667 944 707 1017 οὗ
715 1029 718 1034 ¹
730 946 782 1036 'yos'
795 945 1013 1033 -’πιλελήσμηντ
1043 951 1091 1010 sic
1111 939 1201 1004 enim
1217 924 1317 1038 ttulit⁰

167 1056 314 1117 scribunt.
355 1054 389 1115 Iu
402 1054 450 1117 his
470 1075 591 1137 quoquo
608 1056 772 1117 verborum
794 1056 1035 1138 correptionibus
1054 1057 1123 1116 vox
1147 1038 1317 1144 loquente

165 1158 206 1217 ad
228 1158 320 1217 linem
340 1178 507 1241 preparans
529 1158 702 1241 supervolat
721 1168 862 1220 accentus
889 1180 946 1219 nec
971 1167 1073 1241 potest
1097 1142 1253 1213 omnibus
1277 1150 1316 1190 ¹¹⁵

166 1260 292 1339 syllabis
312 1260 465 1340 acciners,
493 1283 570 1342 quae
586 1272 672 1324 extra
693 1262 792 1323 cresin
810 1272 966 1323 accentum
984 1258 1151 1320 habebant.
1202 1244 1314 1319 Quum

164 1380 265 1421 crasse
275 1360 448 1423 huiusmodi
463 1384 612 1446 nusquam
626 1366 746 1426 obviam
759 1366 849 1441 fiunt,
870 1365 931 1425 nisi
946 1364 979 1423 in
991 1362 1145 1438 versibus,
1170 1348 1315 1433 optimos

167 1462 258 1522 duces
272 1484 303 1522 se
317 1466 404 1526 nobis
418 1463 550 1544 offerunt
562 1468 641 1550 ictus
655 1478 685 1529 et
701 1468 776 1528 srsis
789 1468 884 1549 legem
902 1464 1160 1539 commendantes,
1184 1462 1225 1515 ut
1241 1445 1314 1529 ⁸yl‘

166 1564 261 1642 labae,
283 1588 358 1647 quse
375 1567 407 1627 iu
431 1568 512 1630 arsin
530 1570 682 1649 incidant,
705 1570 784 1632 crasi
801 1567 928 1631 admissa
950 1589 1068 1650 quoque
1090 1568 1234 1628 accentu
1255 1570 1314 1612 no·

128 1691 131 1700 ¹
166 1679 286 1748 rentur,
325 1672 351 1731 si
377 1682 463 1732 antea
492 1682 620 1733 accentu
646 1672 824 1752 gaudebant.
880 1672 923 1733 Ut
947 1672 1039 1751 igitur
1062 1668 1205 1731 ucham.
1230 1654 1309 1724 625·

167 1754 281 1856 duplex
299 1776 464 1837 servandus
485 1786 530 1835 est
549 1785 693 1835 accentus
712 1776 746 1835 in
764 1770 1051 1859 ου”γῶ’πιλελήσμην,
1072 1772 1116 1833 ita
1133 1788 1221 1833 unus
1237 1756 1296 1820 sus
1303 1789 1311 1799 ·

165 1877 235 1937 ficit
256 1877 288 1936 in
306 1876 374 1937 1³⁸0·
396 1879 449 1945 64.
470 1872 659 1961 osi’yo’r'leyov.
702 1879 795 1940 llecte
813 1879 920 1956 etiam,
950 1876 1075 1959 opinor,
1103 1872 1204 1937 scribi
1224 1860 1309 1928 illud

165 1980 243 2041 Rau·
261 1984 334 2048 609.
354 1974 679 2063 sspsdooplnsteivvss
707 1982 779 2062 quia
794 1980 880 2062 prim
898 1978 1081 2039 vocabulum
1100 1990 1146 2041 est
1173 1987 1306 2053 comp0·

166 2084 271 2143 situm.
319 2082 345 2143 Ε
370 2080 468 2161 ligura
484 2080 627 2161 hyphen,
656 2082 821 2143 secundum
840 2103 930 2163 quam
953 2084 991 2144 de
1018 2091 1145 2142 accentu
1180 2089 1308 2141 craseoa

165 2182 311 2245 iudicium
331 2184 400 2245 fieri
421 2204 514 2265 supra
535 2182 617 2262 dixi,
646 2182 698 2247 hic
717 2186 778 2247 loci
793 2206 875 2246 srma
892 2185 959 2245 noli
980 2195 1086 2245 contra
1107 2204 1157 2244 me
1182 2189 1303 2267 petere·

54 2350 59 2367 ,
165 2286 299 2369 Hypheu
320 2286 400 2347 enim
423 2286 549 2347 vocibus
569 2286 683 2349 duabus
700 2288 749 2349 vel
767 2270 864 2351 tribus
884 2289 1004 2350 sociatis
1023 2308 1116 2349 unsm
1138 2288 1302 2349 notionem

165 2392 283 2452 tribuit.
332 2390 502 2473 Ampliorss
530 2386 625 2471 igitur
650 2391 745 2451 orasis
767 2386 798 2452 si¹
821 2392 916 2455 eflicit
937 2392 1066 2455 uniones
1073 2436 1085 2473 ,
1117 2385 1301 2453 notionibus

137 2506 140 2516 ’
165 2494 317 2575 primariis
338 2494 535 2555 accinendum
552 2514 617 2555 esse
633 2495 764 2558 videtur.

251 2628 313 2688 Iam
325 2628 562 2707 videndumst,
584 2648 675 2709 qnam
697 2630 912 2691 commotionis
931 2630 1065 2709 regulsm
1083 2630 1117 2689 in
1136 2626 1220 2694 crasi
1240 2640 1301 2683 ve·

135 2800 138 2811 ,
165 2738 244 2789 teres
257 2738 405 2789 servatam
415 2730 579 2791 voluerim.
622 2732 719 2791 Crasis
733 2740 778 2791 est
792 2732 919 2791 duarum
934 2731 1095 2809 vocalium,
1118 2752 1194 2812 quse
1210 2724 1301 2787 duo-

165 2832 224 2891 bus
242 2830 398 2892 vocsbulis
419 2842 504 2910 eunt,
532 2832 708 2895 commixtio
727 2852 783 2913 per
803 2832 1050 2895 contractionem.
1099 2834 1204 2897 Grasin
1229 2846 1299 2889 eam

167 2932 327 3011 dixensnt,
357 2935 428 3015 quia
446 2934 507 2995 duo
527 2935 620 2997 verba
640 2944 728 2995 antea
748 2933 900 2995 disiuncto
927 2955 1012 2995 nnnc
1037 2934 1191 2997 vocalium
1213 2950 1297 2992 com·

166 3036 308 3120 plexione
329 3044 359 3096 et
380 3037 575 3117 copulatione
599 3038 642 3096 ita
664 3036 943 3113 commiscebantur,
965 3045 1002 3096 ut
1020 3036 1175 3099 efficerent
1197 3054 1296 3114 unum

169 3160 208 3202 ex
223 3139 350 3201 duobus.
392 3138 472 3218 Ergo
486 3140 578 3201 crasis
591 3140 655 3201 sine
668 3138 875 3201 contractione
881 3138 950 3200 lieri
963 3160 1026 3200 uon
1032 3149 1146 3223 potest,
1167 3155 1296 3221 eamque

168 3242 208 3306 ob
228 3262 349 3303 causam
373 3244 410 3303 ab
433 3242 574 3323 ecthlipsi
595 3252 625 3303 et
646 3238 818 3323 aphaeresi,
848 3242 883 3304 iu
905 3242 1015 3325 quibus
1032 3244 1118 3313 nulls
1138 3250 1296 3327 comparet

167 3347 346 3425 connectio,
367 3346 456 3407 facile
476 3354 579 3429 potest
601 3344 746 3409 discerni.
775 3330 779 3335 ⁵

253 3484 459 3571 Sequebantur
480 3502 553 3544 vero
572 3481 761 3564 grammatici
780 3492 893 3546 veteres
912 3482 947 3542 in
969 3484 1046 3544 crasi
1074 3482 1191 3544 easdem
1215 3503 1292 3543 con-

168 3585 327 3649 tractionis
345 3606 482 3659 normas,
503 3582 578 3665 quas
595 3586 629 3645 iu
648 3585 749 3646 verbis
766 3584 873 3645 mediis
892 3593 922 3644 et
942 3583 1118 3643 exeuntibus
1139 3583 1291 3662 tenebant,

170 3708 287 3771 easque,
309 3688 336 3747 si
356 3686 478 3747 articuli
499 3697 530 3749 et
545 3686 712 3769 particulae
731 3689 785 3751 καί
803 3686 985 3747 variationes
1001 3684 1142 3765 quasdam
1163 3684 1290 3766 excipis,

169 3798 345 3853 constanter
356 3789 517 3851 tuebantur
531 3790 569 3865 ⁸).
611 3790 669 3849 Res
691 3789 788 3870 agitur
800 3810 857 3872 par
877 3808 909 3848 se
922 3786 1044 3868 quidem
1061 3786 1289 3867 simplicissime,

167 3905 234 3956 tum
249 3892 428 3956 sveteribus
449 3894 529 3957 clere
546 3892 668 3975 tradita,
689 3903 756 3955 turn
773 3889 970 3954 amaisribus
988 3888 1102 3953 nostris
1121 3890 1197 3951 bene
1213 3910 1290 3952 cou-

204 4152 232 4221 8)
258 4152 299 4205 Dc
324 4138 485 4207 articulo'in
509 4150 577 4205 ormi
602 4148 679 4203 docte
704 4148 854 4221 disputavit,
871 4145 1001 4215 Reisigius
1018 4145 1153 4214 syntagm.
1176 4142 1245 4197 crit.
1262 4162 1289 4215 p.

256 4222 292 4277 27
308 4239 348 4293 sq.
379 4224 413 4276 cl.
436 4230 464 4277 et
488 4222 569 4278 lllonk
594 4222 629 4274 nd
653 4220 748 4289 Eurip.
769 4218 905 4290 Hippolyt.
931 4234 957 4285 p.
976 4216 1035 4270 125.
1075 4215 1117 4268 De
1132 4214 1225 4284 copula
1242 4216 1289 4267 sol

258 4322 319 4369 ente
336 4300 366 4372 {o
384 4320 413 4369 et
428 4314 590 4384 negstioucna
606 4328 673 4367 nuuc
691 4312 795 4383 quidem
811 4327 899 4395 onnes
917 4306 1090 4362 comesurus
