2784 4959
254 444 328 520 DE
359 442 802 523 ARISTOPHANIS
835 444 993 529 VITA.
1106 476 1178 527 cass
1225 502 1229 518 .

80 634 140 694 tiam
161 636 339 718 scriptorum
363 636 398 697 id
423 635 513 697 elisus
536 646 688 719 spectasse
707 660 773 716 eos,
803 648 863 717 „ut
882 640 1101 720 reciperentur,
1123 644 1176 721 qui
1294 636 1297 651 '

88 734 186 815 ulique
198 738 250 797 ‹iiu
264 741 435 819 neglectum
455 760 547 818 genno
561 762 667 803 rursus
686 742 804 821 aggredi
820 750 851 801 et
871 742 1076 821 redintegrare
1093 744 1176 803 hono

93 839 202 918 oum,
228 862 370 902 successu
399 862 595 923 quoeunque,
630 854 662 904 st
683 846 917 923 insigni'tamen
944 847 1081 927 exemplo
1104 856 1179 906 alna

92 938 225 1003 tuncne
265 945 363 1005 htillia
391 946 469 1006 enisa
497 947 702 1029 exemplorum
733 948 851 1008 abunde
878 948 1004 1024 docent,
1027 946 1105 1007 nihil
1127 968 1176 1009 eos

88 1054 220 1125 spectasse,
242 1048 302 1107 nisi
320 1057 357 1106 ut
375 1050 505 1128 optimos
533 1052 865 1138 pnestsntissimosqne
884 1050 1047 1131 scriptores
1072 1050 1177 1110 nomi-

85 1158 183 1227 narent,
207 1152 258 1231 qni
273 1150 416 1210 imitandi
437 1151 579 1232 dignique
598 1165 713 1231 essent,
743 1154 850 1233 quibus
873 1154 1042 1213 erudiretur
1064 1152 1192 1213 iuven-¹

81 1256 128 1309 tos.
166 1254 250 1327 Quod
268 1262 371 1312 aulem
390 1254 451 1313 duo
465 1255 639 1317 indicantur
661 1254 791 1316 eiusdem
815 1257 858 1315 rei
887 1264 1043 1332 auctores,
1063 1256 1096 1315 id
1115 1255 1186 1315 ium·

80 1352 186 1414 uoltu
209 1367 292 1418 recte
322 1356 507 1419 intellexisse
531 1360 652 1420 videtur
668 1358 728 1438 ⁹⁴).
779 1358 1054 1419 Animadvertimus
1081 1358 1173 1432 enirn,

80 1452 297 1525 Quinctaiianum
336 1459 490 1519 interdum
526 1471 689 1541 utrumque
728 1462 972 1541 grammaticam,
1021 1460 1175 1521 interdum

81 1572 157 1615 mam
175 1558 338 1638 duntaxat,
378 1561 496 1649 iudicii
516 1572 671 1624 auctorem
702 1565 866 1645 appellasse
889 1562 943 1649 ⁹⁶).
991 1562 1051 1621 Ubi
1076 1572 1177 1622 aulem

86 1665 220 1741 utramque
240 1674 468 1739 commemoret,
497 1676 597 1725 tamen
616 1664 822 1727 Aristarchum
847 1654 963 1749 primo,
993 1666 1176 1748 Aristopho-

82 1776 134 1819 nem
150 1766 278 1826 semndo
299 1768 370 1828 loco
391 1768 574 1829 nominerit:
601 1768 654 1827 nbi
678 1790 785 1847 onum,
815 1772 852 1831 da
884 1772 949 1857 solo
979 1771 1099 1829 loculus
1128 1779 1175 1828 est

80 1860 242 1934 A1istaroho.
286 1870 352 1944 Qua
372 1892 411 1931 ex
428 1892 463 1932 re
482 1872 568 1930 illum
583 1872 731 1931 delectum
747 1892 808 1933 osae
830 1874 865 1931 ab
885 1870 1085 1953 Aristophane
1102 1872 1177 1951 qui·
1251 1914 1260 1925 .

81 1961 332 2049 deminuturum,
361 1974 415 2033 sed
442 1974 478 2032 ab
505 1973 681 2034 Aristarcho
710 1956 897 2050 ahsolutum,
927 1986 973 2034 est
1006 1974 1175 2057 probabiles

81 2064 114 2123 ila
129 2081 250 2152 atquae
270 2087 358 2136 antea
382 2076 464 2149 dixi,
503 2076 542 2135 iis
569 2076 643 2136 haec
669 2078 783 2157 optime
810 2078 1001 2137 conveniant.
1045 2076 1176 2155 Cogitari

85 2171 145 2230 ‘ssim
156 2187 261 2255 potest,
282 2188 354 2260 post
367 2177 578 2259 Aristophanis
596 2190 722 2239 mortem
746 2180 882 2258 vulgasse
897 2179 1103 2240 Aristarchum
1125 2180 1176 2239 in-

89 2270 175 2337 tioium
188 2282 397 2364 Aristophanis
419 2301 562 2362 suamque
585 2282 735 2341 addidisse
752 2282 938 2345 sententiam.

155 2448 185 2509 lt
200 2472 238 2513 as
257 2453 293 2515 in
308 2454 426 2516 inceste
445 2462 476 2513 st
498 2450 589 2513 dubia
619 2450 808 2525 delabimur,
835 2460 946 2511 temere
969 2450 1002 2509 iu
1031 2449 1175 2531 disquisi-

98 2540 155 2605 fifflt
165 2557 322 2632 progressi,
342 2556 382 2615 sd
398 2577 478 2633 eam,
500 2575 590 2635 quom
607 2552 695 2613 nobis
711 2553 940 2633 proposuimus,
961 2553 1100 2615 accedere
1121 2574 1177 2614 co·

95 2644 165 2717 timer
179 2655 427 2736 disputetionem,
457 2658 529 2737 qnid
553 2656 744 2717 sortiendum
765 2656 804 2717 sil
825 2657 862 2715 dc
886 2656 940 2717 illo
963 2656 1081 2717 delectu
1095 2657 1174 2717 clas-

94 2745 191 2813 escun
205 2760 387 2841 scriptorum
407 2759 480 2819 etin
501 2780 619 2839 qnoque
637 2779 744 2838 genere
757 2760 946 2841 principuus,
976 2780 1061 2839 quem
1080 2759 1175 2819 Alex·
1224 2738 1228 2755 ¹

93 2852 194 2919 achinis
209 2862 431 2943 grammaticis,
465 2862 659 2943 Aristophani
687 2872 719 2922 et
749 2860 936 2947 Aristarcho,
964 2871 999 2921 nt
1029 2860 1175 2921 Ruhnke-

92 2960 153 3040 lll'ls,
169 2970 306 3046 wolfius,
330 2964 578 3047 wyttenbachius
590 2963 645 3045 ⁹⁶),
668 2965 778 3043 aliique
792 2966 924 3025 sexcenti
939 2974 1103 3041 antumant,
1119 2964 1174 3025 dc-

92 3058 173 3132 htmos.
210 3070 327 3133 Nititur
357 3078 456 3129 antem
488 3076 553 3127 tolo
584 3066 757 3127 Ruhnkenii
788 3068 919 3125 norratio
951 3086 1032 3127 mera
1072 3066 1174 3125 conie-

91 3170 213 3252 ΜΨ).
255 3172 377 3234 Etenim
397 3192 485 3233 nemo
506 3171 543 3233 de
561 3168 736 3232 Aristarcho
750 3178 779 3229 et
794 3168 1010 3249 Aristophane,
1031 3178 1175 3247 tunquam

89 3342 263 3365 Ἢ-

111 3454 227 3522 '‘lwnt
247 3458 372 3527 Prolegss·
390 3475 417 3529 p.
434 3454 582 3511 ccxvnt.

110 3556 140 3625 ”J
152 3560 273 3625 Quinctil.
289 3562 390 3618 Iustitt.
406 3560 494 3614 Oratt.
512 3560 547 3625 X,
566 3560 591 3625 1,
608 3556 651 3615 54.
667 3558 713 3615 69.

110 3662 190 3731 “lot
208 3666 314 3720 llnhnk.
337 3663 407 3717 Eiet.
432 3665 522 3716 Oratt.
546 3680 573 3733 p·
598 3666 650 3719 368
674 3680 747 3733 seqq.
772 3660 809 3717 ely
837 3660 965 3715 Friedem.
990 3660 1174 3731 Wytteobaeh.

149 3737 195 3788 vlt.
223 3736 364 3791 Ruhnken.
409 3772 416 3785 .
441 3732 491 3787 tlt
515 3750 542 3785 se
563 3752 588 3803 q.
612 3734 665 3788 286
695 3751 768 3803 seqq.
793 3732 870 3783 wolf.
895 3729 1015 3799 Prolepq,
1041 3746 1068 3799 p.
1093 3728 1175 3794 CXC,

148 3749 448 3868 s.6o;ccxv1li:o.
466 3804 508 3857 ⁸9.
527 3752 569 3853 Gi.
587 3802 741 3869 Bernhardy
760 3798 968 3881 Wissausclsstll·
992 3800 1068 3867 Synt.
1088 3816 1113 3869 p.
1130 3800 1175 3861 31,

148 3876 185 3942 qoi
203 3874 291 3943 paullo
308 3872 442 3925 obsesssias
458 3888 531 3924 suasu
549 3871 673 3939 explicuit
690 3870 855 3957 opinionem,
878 3876 908 3921 ut
930 3884 972 3919 vax
997 3884 1051 3921 sam
1074 3868 1176 3937 assequi

129 3946 239 4012 ,possin
258 3962 292 3995 so
309 3950 447 4011 praeterea
463 3939 606 3993 tabolmum
633 3943 791 4007 (navarros)
815 3938 924 3991 indolem
943 3954 974 3990 ao
991 3946 1107 3992 naturem
1126 3954 1175 3989 non

148 4013 206 4064 sutis
223 4009 381 4081 cognovisse
397 4009 510 4063 videtur.
532 4008 633 4065 lodices
657 4027 689 4063 es
707 4008 869 4063 bibliothecis
887 4014 1000 4075 sumptos
1018 4024 1034 4059 a
1050 4021 1177 4073 gramma-

146 4080 248 4134 ticornru
273 4081 309 4133 de
333 4078 423 4147 poetis
445 4078 547 4130 indiciis
571 4088 693 4133 accurste
717 4078 843 4132 discernit
866 4074 1055 4137 Quinctilianus
1080 4071 1176 4127 lostilt.

148 4152 191 4202 01.
209 4151 254 4215 X,
274 4157 307 4212 1,
325 4152 342 4215 §
360 4148 412 4211 57,
428 4148 460 4202 ds
475 4148 548 4201 cuius
564 4148 652 4200 verbis
668 4146 839 4218 Spaldingius
856 4146 923 4197 hene
941 4142 1064 4214 disputat.

112 4250 141 4319 ⁸¹)
157 4252 206 4313 Qui
223 4248 376 4305 Ruhnkenii
393 4252 563 4303 narrationem
581 4250 646 4318 legit
663 4248 782 4315 „Exorli
800 4249 866 4303 enim
884 4254 944 4299 sunt
961 4246 1030 4299 dno⁸‘
1050 4247 1112 4293 cett.
1131 4239 1177 4291 le

151 4324 252 4385 credet,
284 4322 353 4372 hsce
377 4321 458 4374 omnia
487 4338 520 4375 ex
547 4320 664 4374 obscuris
697 4320 779 4387 signis
810 4318 958 4371 conlectura
992 4328 1049 4365 eum
1072 4324 1178 4361 assoon·
1240 4330 1242 4337 >

150 4398 198 4441 tum
221 4406 288 4443 esse.
363 4420 367 4431 ι
1085 4410 1096 4421 .
