2784 4959
208 418 301 513 ως
472 356 475 363 ’
541 380 988 471 οοΜΜΕΝΤΑΤιο
1052 442 1075 520 .·

208 592 309 645 tamen
343 582 400 643 alia
432 582 549 645 ratione
583 582 623 642 in'
644 581 773 661 gerendo
803 582 924 662 negotio
952 582 1067 645 venari
1100 582 1266 665 debeam
1297 582 1358 665 ²⁶).

208 688 378 767 Utrumque
396 688 503 747 Lucilii
515 688 695 747 imitatorem
712 684 745 745 in
762 686 918 768 antiquam
939 707 1001 745 non
1024 685 1124 747 minus
1145 684 1358 745 comoediam

208 784 314 849 oculos'
340 790 538 864 convertisse,
576 806 663 847 nemo
684 770 878 862 infitiatiitur,
913 810 1006 874 quum
1032 791 1151 849 Persius
1178 796 1358 847 auctorum

206 891 319 953 veteris
338 892 507 951 comoediae
532 888 654 951 lectioni
675 898 810 958 assuetos
828 888 965 951 homines
988 890 1046 950 sibi
1064 910 1192 972 quoque
1214 891 1356 950 lectores

207 993 358 1073 optaaerit
378 990 441 1069 ²⁶),
476 992 626 1053 luvenalis
653 1000 752 1051 autem
774 1000 839 1052 tota
865 992 971 1054 indole
993 1012 1069 1070 sua,
1105 1001 1275 1094 qnantum
1299 991 1356 1049 illa

207 1104 345 1175 tempora
366 1094 531 1175 ¹sinebant,
572 1092 821 1174 Aristophanem
854 1094 1006 1156 scribendi
1038 1095 1197 1155 rationem
1238 1093 1354 1173 expri-

154 1186 158 1197 '
207 1206 270 1256 mat
288 1194 343 1277 ²⁷).
385 1194 425 1256 At
446 1218 509 1258 non
531 1197 591 1257 hoc
615 1196 679 1257 solo
707 1195 865 1257 satirarum
886 1218 992 1276 genere
1013 1206 1059 1256 est
1082 1197 1220 1278 antiqua
1247 1196 1352 1256 Atlse-

206 1299 354 1359 niensium
381 1298 535 1359 comoedia
564 1318 580 1357 a
607 1300 748 1361 Romanis
777 1299 948 1361 hominibus
980 1298 1149 1359 imitatione
1183 1318 1349 1379 expressa.

206 1398 344 1465 Fuerunt
365 1421 486 1483 quoque
506 1400 558 1480 qui
581 1401 619 1461 ad
644 1403 705 1463 eius
726 1405 879 1483 exemplar
907 1401 1075 1463 comoedias
1103 1408 1349 1481 componerent.

206 1502 256 1563 Ex
274 1503 382 1585 quibua
406 1524 488 1565 nunc
507 1523 600 1563 unum
624 1514 745 1569 tantum
766 1524 998 1565 commemorare
1019 1500 1118 1581 lubet,
1140 1502 1242 1563 cuius
1266 1500 1348 1561 scri·

207 1614 261 1687 pta
283 1626 452 1685 quanquam
474 1606 507 1665 in
527 1606 618 1667 Plinii
637 1607 762 1667 secundi
785 1606 913 1668 iunioris
929 1603 1070 1687 Epistolis
1085 1604 1204 1665 tradita
1226 1626 1271 1665 ex
1283 1603 1348 1663 ho·

206 1706 323 1769 minum
352 1705 495 1774 memoria
520 1728 583 1769 non
609 1710 803 1786 exciderunt,
825 1718 925 1769 umen
944 1728 964 1765 a
982 1706 1189 1767 recentiorum
1217 1706 1345 1767 nemina

205 1811 270 1874 visa
284 1820 363 1873 aurat.
405 1810 516 1871 Narrat
534 1809 613 1869 enim
628 1810 832 1892 Epistularum
848 1810 978 1891 scriptor
992 1808 1255 1887 iucundissimus,
1278 1826 1345 1867 sesa

105 1950 109 1963 ·
155 1893 160 1905 ¹
207 1912 336 1975 audiisse
366 1894 552 1991 virginiam,
585 1912 734 1993 legentem
762 1911 948 1973 comoediam
968 1909 1011 1971 -ad
1037 1911 1197 1993 exemplar
1226 1910 1342 1973 veteris

207 2014 379 2075 comoediae
395 2015 555 2097 scriptam,
576 2023 638 2075 tam
658 2016 748 2095 bene,
770 2025 808 2077 ut
825 2034 889 2077 ease
908 2012 1088 2097 quandoque
1103 2012 1208 2094 possit
1230 2032 1341 2073 exem·

203 2116 272 2199 plar
298 2113 356 2201 ²⁸).

263 2300 265 2305 ’
291 2286 388 2349 Simul
410 2286 485 2369 quid
508 2280 633 2371 ipae'de
654 2286 775 2370 antiqua
797 2287 951 2349 comoedia
971 2286 1096 2365 sentiat,
1123 2284 1336 2367 pulcherrime

85 2424 88 2437 ·
204 2389 346 2471 exposuit
365 2400 488 2473 totaque
509 2411 562 2451 sua
587 2392 732 2452 sermonis
749 2392 893 2473 elegantia
919 2392 1095 2472 elegantiam
1107 2387 1191 2450 illius
1215 2385 1338 2447 descri-

204 2494 274 2573 psit.
317 2492 416 2577 Quare
441 2494 618 2575 priusquam
643 2494 681 2553 de
703 2487 862 2574 Romania,
896 2496 949 2576 qui
984 2494 1124 2573 antiquae
1156 2488 1337 2551 comoediae

203 2592 458 2675 Aristophanique
488 2596 607 2671 lavent,
636 2595 804 2674 discedam,
837 2594 899 2655 eiua
927 2597 1019 2656 verba
1044 2593 1195 2653 afferenda
1226 2592 1336 2651 credo.

202 2693 371 2775 dequiesco
387 2696 478 2775 igitur
490 2698 523 2757 in
548 2696 597 2757 laia
619 2687 842 2759 Plinii'verbia:
864 2696 982 2774 „Nunc
1002 2695 1134 2775 primum
1155 2713 1190 2752 ae
1212 2691 1249 2750 in
1275 2712 1337 2750 ve-

202 2806 267 2859 tere
292 2796 464 2875 comoedia,
494 2800 632 2861 sednon
660 2810 803 2881 tanquam
828 2798 988 2879 inciperet,
1018 2795 1164 2857 ostendit:
1195 2814 1263 2855 nors
1283 2794 1338 2851 illi

204 2900 270 2973 vis,
293 2920 355 2956 non
373 2900 558 2985 granditas,
580 2924 641 2963 non
658 2901 833 2978 subtilitas,
858 2920 918 2959 non
939 2896 1138 2977 amaritudo,
1166 2917 1230 2957 non
1259 2896 1334 2956 dut

167 3053 174 3061 .
204 2997 293 3076 cedo,
316 3022 375 3061 non
402 3004 483 3084 lepos
504 3004 613 3082 defuit.
660 3005 794 3064 Oruavit
816 3004 959 3079 virtutes,
987 3004 1155 3061 insectatus
1168 3010 1216 3059 eet
1236 3002 1330 3077 vitia,

198 3102 290 3183 fictis
312 3106 488 3167 nominibus
506 3106 655 3181 decenter,
685 3108 765 3167 veria
784 3125 862 3164 uam
881 3116 926 3163 eat
947 3106 1036 3187 αρει*ί
1055 3100 1113 3183 ²⁹).

237 3390 445 3515 ‘defitfflpq
466 3390 500 3446 ‹le
516 3395 565 3447 sat.
581 3390 656 3449 Rom.
684 3409 711 3465 p.
731 3390 767 3450 ³6
783 3408 855 3463 seqq.
884 3390 996 3449 casaub.
1008 3388 1043 3475 de
1065 3393 1115 3447 sat.
1129 3381 1203 3463 potas.⁴
1218 3408 1247 3465 p.
1263 3390 1324 3447 230.

235 3562 277 3633 '⁸³
288 3562 664 3699 lttt.⁸‚²t·..l.·.¹.².³.:ttt.
676 3562 1086 3701 lt.¹'.tt·.¹2.t¹t‘:”;.ittlf
1105 3565 1324 3687 tttt'tttti

287 3700 533 3781 commedentibus
549 3700 667 3773 ineptum
686 3710 763 3756 esset
780 3704 816 3757 et.
834 3701 923 3771 ltdniq
948 3701 1047 3754 desae
1064 3702 1135 3755 Rom.
1153 3700 1278 3759 40-44.

236 3803 277 3874 ¹²)
295 3804 383 3874 Kartg
409 3806 427 3859 Ι.
444 3806 462 3861 l.
486 3822 513 3874 p.
530 3802 565 3860 44
581 3820 655 3877 seqq.
676 3804 798 3875 Scaliger
814 3806 891 3860 Poet.
907 3804 961 3871 vt,
977 3805 1039 3869 838,
1057 3804 1109 3862 867
1124 3822 1179 3876 aeq.

235 3909 276 3977 ²⁸)
293 3906 360 3961 Plin.
378 3908 430 3981 llp.
452 3908 506 3974 VI,
522 3910 567 3965 21.

237 4012 277 4081 ²⁹)
294 4011 367 4076 luda,
384 4012 472 4096 eredo,
489 4010 600 4095 intelligi
617 4014 720 4094 potest,
736 4028 789 4066 non
805 4010 839 4064 ab
857 4010 924 4095 omni
942 4016 1019 4094 parto
1034 4029 1098 4095 aare
1115 4029 1187 4077 ease,
1205 4010 1318 4085 quaeda

167 4120 170 4127 .
287 4079 857 4223 ptrqspppqtpuqlpmpueqarpncppqquqqagoqlpqa
881 4079 973 4136 alaeuta
998 4090 1087 4153 possm
1109 4082 1250 4148 Rdtsclten
1273 4082 1316 4135 Vir
