2784 4959
178 341 273 398 eun
519 285 973 388 conncnnhnio

178 481 182 488 ’
265 503 476 586 occupent
495 502 589 584 ceter
617 500 651 562 ιιι
678 495 797 562 neu·
816 494 952 560 usuum
972 493 1077 557 istu·
1104 494 1187 575 quen
1206 495 1281 556 tuoe

182 608 355 685 consilium,
377 605 581 686 cognovimus.
626 599 870 664 Adolescentium
891 597 968 658 vitis
988 606 1035 658 est
1054 617 1217 676 eggressus3
1241 615 1284 658 ee·

82 695 91 702 ’
183 727 312 790 rumque
332 705 477 786 originem
498 728 515 768 ιι
537 713 650 766 mutate
671 703 837 766 liberorum
856 697 1037 763 educetiem
1055 697 1185 786 repetiit.
1222 698 1286 760 llein

65 865 69 884 ,
184 809 340 892 sophistes
360 809 533 886 accusavit,
566 807 621 888 qui
648 815 679 866 et
703 805 812 884 rebus,
839 822 914 884 ques
941 800 1088 879 docesnt,
1116 821 1225 882 suoque
1247 821 1288 860 ess

186 911 316 976 docendi
343 931 450 992 genere
479 921 514 971 et
543 909 656 970 alerent
683 917 714 970 et
741 913 894 986 augerent.
936 909 1061 966 Suenms
1086 904 1178 984 igitur
1203 923 1293 986 repre·

185 1012 357 1092 hensionis,
384 1021 420 1074 ut
440 1032 498 1093 per
516 1020 576 1088 est,
605 1031 666 1072 non
687 1009 729 1070 ed
748 1007 953 1072 adolescentes
973 1005 1123 1087 pertinet,
1150 1025 1244 1086 neque
1261 1005 1295 1066 st

187 1115 423 1202 edolescentium
445 1113 599 1184 doctores,
628 1112 682 1176 sed
707 1112 747 1172 ed
771 1132 836 1175 esen
862 1111 975 1172 civium
994 1119 1133 1192 perteus,
1161 1127 1236 1188 quse
1252 1127 1295 1166 sn·

187 1217 290 1300 tiques
312 1216 488 1298 disciplinae
510 1215 621 1276 semine
644 1236 663 1276 e
685 1213 825 1296 petribus
846 1214 982 1294 occepit,
1004 1234 1059 1277 sue
1078 1211 1243 1275 temeritste
1261 1220 1295 1270 ts·

188 1339 256 1384 men
274 1340 307 1382 es
329 1319 449 1398 obiecit,
470 1318 624 1398 totiusque
646 1319 776 1381 civitatis
797 1318 982 1381 colomitstes
1002 1315 1089 1380 ιιιιὶῑ
1109 1324 1142 1376 et
1161 1317 1195 1374 in
1213 1323 1296 1394 posto

189 1443 266 1499 rum,
288 1421 345 1482 nisi
367 1443 464 1484 mosee
485 1429 592 1498 mutet,
613 1419 644 1480 iu
666 1420 844 1482 immensum
864 1409 994 1500 sugebit.
1037 1420 1187 1480 Doctores
1206 1417 1298 1476 iuven-

190 1526 264 1585 tutis
285 1522 361 1584 nihil
383 1523 501 1584 efficere
522 1523 711 1604 potuissent,
740 1522 799 1582 uisi
827 1532 967 1603 petentes
994 1521 1107 1582 insitos
1133 1519 1299 1581 iuvenesiu

192 1625 382 1706 disciplinam
403 1625 440 1686 iis
459 1624 667 1704 tradidissentj
697 1634 769 1688 sunt
789 1633 907 1702 temen,
934 1624 1004 1705 quis
1026 1621 1193 1704 sapientise
1211 1621 1300 1681 lslseu

192 1728 323 1808 speciem
353 1747 427 1806 pree
456 1749 487 1786 se
513 1727 643 1788 ferentes
680 1725 790 1786 lsllunt
815 1723 1029 1803 Athenienses,
1068 1744 1161 1806 quom
1188 1723 1301 1784 mesine

194 1827 443 1912 reprehendendi.
486 1828 599 1890 Suadet
620 1828 729 1908 igitur,
756 1837 902 1910 utquam
927 1829 1059 1910 primum
1085 1828 1224 1888 innectes
1246 1826 1301 1886 illes

196 1930 335 1992 doctores
357 1950 374 1990 e
396 1929 517 1992 civitate
541 1931 661 1992 eiicient
690 1940 721 1990 et
742 1931 824 1990 omni
844 1930 935 1992 modo
956 1928 1121 1992 iuventutis
1143 1929 1217 1991 vitio
1236 1927 1301 1990 cohi·

195 2033 301 2108 beent,
327 2051 472 2116 suamque
491 2033 553 2116 ipsi
573 2032 705 2094 indolem
726 2042 852 2113 mutent.

279 2134 360 2196 llaec
379 2137 652 2218 contemplantibus
675 2133 762 2195 nobie
775 2144 839 2196 tote
853 2133 1026 2196 comoediae
1041 2134 1227 2215 preestontis
1239 2151 1303 2194 nen

197 2245 256 2298 tem
280 2237 443 2320 eculeoque
464 2247 556 2302 tenet.
601 2237 805 2318 Quaecunque
825 2237 857 2298 iu
877 2241 998 2318 po'e'tem
1015 2247 1144 2320 propter
1165 2237 1228 2298 eius
1241 2255 1304 2296 con

197 2340 378 2420 positionem
404 2341 553 2402 coniectes
572 2339 821 2420 reprehensiones
842 2341 972 2419 scimus,
1006 2359 1059 2402 eee
1079 2359 1183 2400 omues
1204 2339 1235 2399 in
1252 2337 1304 2398 irri-

199 2451 264 2504 tum
286 2441 408 2506 cedunt.
452 2443 564 2506 Pottse
584 2442 747 2520 eevecitss,
776 2463 868 2524 quem
895 2441 929 2502 in
955 2441 1130 2504 comoediso
1157 2441 1219 2504 line
1236 2459 1305 2522 prae-

199 2544 267 2620 bet,
290 2565 360 2606 cusu
381 2563 496 2606 nummo
518 2547 685 2626 argumenti
701 2528 853 2624 ‘grestene
873 2545 1025 2626 aptissime
1046 2545 1207 2621 convenit3
1226 2561 1304 2622 neque

200 2653 272 2729 poet
299 2653 382 2709 tento
414 2645 538 2708 cuimine
568 2646 625 2707 slis
653 2643 846 2729 philosophie
871 2667 971 2729 poene
990 2647 1066 2708 terri
1086 2656 1226 2729 poteret*
1253 2646 1303 2708 lloc

202 2757 301 2806 cutem
322 2746 421 2812 minue
441 2757 603 2831 propterea
625 2748 856 2830 Aristophanem
877 2749 1129 2831 vitupersbimus,
1151 2769 1214 2831 quo
1230 2749 1304 2828 mogi·

202 2847 411 2934 perspicimue,
432 2851 520 2914 uliusu
542 2870 663 2932 quoque
685 2851 724 2912 nb
746 2872 884 2914 csusssm
897 2849 981 2913 hunc
1002 2873 1067 2914 esse
1086 2853 1216 2916 dromsti
1233 2853 1304 2914 licen
1342 2886 1343 2889 =

204 2949 387 3032 impositum.
438 2953 504 3014 Hoc
534 2955 613 3016 enim
642 2962 688 3016 est
715 2949 811 3031 illud,
850 2953 934 3034 quod
958 2955 992 3016 in
1018 2955 1182 3035 Equitibus
1207 2975 1304 3038 quoque

204 3063 309 3114 contro
331 3053 527 3118 Athenienses
549 3054 685 3136 protulit.
728 3055 825 3118 Molos
846 3057 925 3119 onius
941 3057 987 3118 illi
1007 3057 1066 3119 sihi
1088 3059 1183 3122 duces
1197 3061 1303 3138 eligunu

205 3155 315 3218 electos
337 3167 436 3218 sutem
457 3167 487 3220 et
516 3179 572 3242 pec
598 3167 719 3240 tempus
741 3155 865 3239 sliquod
886 3169 1040 3236 servatos,
1068 3161 1171 3222 multis
1191 3160 1303 3224 molisii

205 3257 327 3319 civitate
349 3261 464 3322 exortis
488 3261 620 3343 perdunt
640 3259 778 3341 moleque
799 3261 947 3339 retinent3
969 3274 1005 3322 ut
1024 3263 1083 3344 ipsi
1105 3265 1245 3327 enslorun
1258 3281 1302 3322 oon

206 3361 304 3422 solum
325 3361 497 3424 invexerint
523 3363 684 3424 munimem
705 3373 841 3446 pectens,
872 3363 925 3424 sed
947 3365 980 3424 in
1001 3365 1172 3426 reiiciendie
1193 3366 1300 3427 occiden

206 3461 312 3544 disque
344 3465 416 3524 viris
444 3463 501 3524 sibi
527 3463 602 3546 ipsis
630 3465 830 3547 opprobuium
858 3477 973 3547 ponent
1017 3466 1100 3528 Nihil
1131 3469 1211 3529 eliud
1235 3473 1300 3550 petto

207 3563 362 3644 cignilicet,
384 3568 435 3628 ubi
458 3560 670 3649 ταχυβοῦὶους,
692 3566 802 3630 deinde
822 3565 1027 3651 μεταβούλους
1038 3571 1122 3632 cives
1137 3591 1207 3632 sues
1224 3569 1301 3652 sppel

207 3663 352 3747 leviW).
537 3683 541 3690 ’
571 3668 574 3676 ’

294 3765 381 3844 Quae
402 3779 554 3850 prseteree
577 3767 705 3830 dicende
724 3767 833 3847 luben,
855 3769 892 3830 eb
908 3767 1052 3831 hocloco
1068 3773 1175 3853 eliens,
1195 3775 1254 3838 shhi
1266 3795 1301 3835 ex·

210 3871 335 3949 planare
356 3873 503 3932 tentebu.¹
531 3868 568 3930 Id
588 3890 682 3932 unum
702 3871 813 3934 iterum
834 3873 1003 3958 iterumque
1030 3873 1232 3940 inculcandum
1255 3893 1300 3936 esse

230 4189 271 4258 fl)
288 4189 369 4244 Arist.
387 4190 513 4244 Acherun-
531 4191 583 4247 630
600 4197 629 4246 se
644 4191 705 4248 682
815 4209 826 4252 1
