2784 4959
267 411 344 488 DE
370 405 816 488 ARISTOPHANIS
841 405 997 526 VtTA.
1050 437 1202 487 coenus

78 619 159 686 nisl‘
183 627 268 697 cett,
292 637 372 698 quse
393 637 491 700 neque
512 633 583 680 oum
603 612 835 699 Gsuubono⁸¹l
854 613 895 677 le
921 635 1002 700 pugo
1024 617 1203 698 llsetslenti,

82 743 173 806 neque
192 743 263 784 cum
283 719 438 782 Beunckio
452 715 496 800 θ’)
525 720 563 782 de
593 739 656 780 uno
685 719 848 802 epulonum
877 716 999 781 homine
1019 723 1138 803 plebeio
1159 723 1205 783 in.

85 827 237 908 terpretsri
260 824 436 906 poterimus.
480 823 577 884 Erunt
602 823 745 898 fortusse,
775 820 831 902 qui
858 823 1039 901 cogitatione
1066 845 1120 886 sus
1142 845 1203 892 me.

86 947 147 988 eum
174 927 214 986 sel
241 923 468 988 Atheniensium
495 925 644 1006 parasitos
673 925 827 1005 serentur,
864 923 902 984 tle
930 925 1041 1006 quibus
1070 927 1203 1008 plurime

85 1029 218 1110 lectuque
239 1027 413 1108 dignissima
428 1037 563 1089 veterum
580 1029 680 1106 legum
703 1025 944 1108 scriptorumque
960 1041 1100 1111 excerpts
1114 1031 1205 1095 sits.

85 1151 170 1192 naeus
192 1133 334 1192 servavit.
376 1133 452 1191 Nem
474 1131 626 1191 Clidemus
654 1128 686 1187 in
708 1127 847 1188 Atthides
860 1129 979 1191 dixerut
1006 1132 1087 1209 „sui
1107 1130 1202 1216 παρά.

87 1251 156 1295 ossus
187 1228 221 1297 δ’
240 1230 402 1320 ᾑρέθησαν
432 1237 474 1320 τῷ
493 1229 666 1314 tremeret
696 1251 826 1310 quocum
850 1231 1050 1295 Philochorus
1072 1235 1105 1295 in
1126 1237 1205 1298 libro

90 1327 264 1417 Τετράπολος
285 1335 432 1418 inscripto
455 1335 621 1412 consentit,
651 1333 689 1394 de
717 1352 778 1412 quo
805 1333 849 1394 its
875 1335 1014 1415 loquitur
1035 1337 1204 1409 Athenseus

86 1431 307 1518 »μνημονεύων
328 1443 389 1500 τοῖν
413 1436 657 1520 καταλεγομένων
676 1439 719 1520 τῷ
737 1433 877 1517 Ἡρακλεῖ
892 1437 1098 1517 ααρασίτων.“
1139 1443 1202 1506 Ac·

87 1537 160 1598 cedit
181 1539 364 1616 Polemonis,
388 1539 441 1620 qui
465 1541 640 1622 Stelocopus
663 1535 889 1616 cognominatus
915 1546 974 1614 est,
993 1545 1207 1622 testimouium,

86 1639 135 1718 qui
166 1662 255 1722 quum
285 1641 459 1719 columnae,
497 1661 575 1722 quoe
602 1641 634 1701 in
665 1640 838 1722 Cynossrge
866 1639 898 1698 in
926 1637 1065 1706 Herculis
1091 1651 1206 1730 templo

86 1749 164 1819 eret,
200 1743 427 1826 inscriptionem
463 1743 607 1820 tradidit,
644 1743 734 1802 simul
761 1739 850 1802 nobis
878 1741 932 1801 ubi
956 1743 1036 1806 illud
1067 1749 1207 1812 Herculis

84 1845 223 1927 templum
252 1845 347 1906 suerit
375 1847 519 1908 ostendit.
563 1846 648 1919 Quae
676 1865 770 1926 quum
791 1845 833 1904 its
860 1844 921 1906 sint
947 1847 985 1906 nd
1006 1851 1116 1930 [legem
1133 1877 1209 1938 pro-

88 1949 251 2029 gredimur,
274 1969 364 2031 quem
389 1943 500 2011 ‹linierit
521 1953 609 2030 petits
629 1946 823 2027 inquirentes.
865 1945 899 2007 In
915 1949 1005 2028 Ilcgis
1027 1966 1126 2018 nutem
1142 1959 1209 2042 lege
1300 1993 1304 2002 ·

87 2047 124 2108 its
143 2053 289 2134 scriptum
311 2061 376 2113 erut
398 2045 643 2134 ‚theanensem
664 2045 697 2112 li
721 2047 776 2114 niv
796 2045 996 2132 βασιλεύοντα
1010 2086 1054 2102 -
1069 2059 1122 2122 uui
1135 2058 1209 2139 rosio

85 2156 265 2235 παρασίτους
287 2154 320 2218 ἕν
341 2157 401 2216 τῶν
422 2148 530 2234 δήμων
553 2151 697 2236 αἴρωνται
717 2183 761 2199 ·-
778 2148 852 2226 rusie
872 2149 906 2216 δὲ
927 2157 1114 2237 παρασίτους
1130 2160 1208 2230 lull-

86 2276 148 2336 γειν
168 2289 212 2304 -
233 2257 318 2321 iustu
340 2261 459 2340 κριθῶν
481 2257 648 2320 δαίνυσθαι
673 2248 746 2326 τούς
776 2247 869 2326 ὄντας
894 2247 1081 2336 Ἀθηναίους
1105 2261 1139 2325 ἕν
1166 2267 1210 2350 τῷ

90 2353 157 2442 leoni
178 2355 253 2422 nutri
277 2354 315 2424 sol
334 2353 473 2442 minnist
489 2353 546 2442 ⁸³).
590 2355 709 2430 Quibus
737 2375 754 2415 e
783 2353 885 2413 verbis
905 2356 1015 2434 [legem
1043 2381 1082 2422 ex
1110 2363 1209 2424 officio

90 2475 142 2516 suo
164 2463 256 2520 totius
278 2463 322 2522 rei
345 2461 587 2543 procurationem
607 2455 769 2532 habuisse,
787 2451 982 2534 intelligimus
1004 2460 1210 2546 videmusque,

92 2577 169 2635 qnos¹
192 2561 405 2644 Aristophanes
433 2565 577 2624 convivus
603 2557 825 2635 introduxerit,
853 2579 914 2619 non
940 2561 1023 2641 ipsos
1050 2566 1210 2645 parasitos,

94 2661 142 2721 sed
159 2663 196 2724 nh
222 2663 260 2725 iis
289 2667 466 2726 convivatus
496 2663 708 2740 Athenienses,
737 2663 790 2744 qui
818 2681 879 2720 non
904 2655 997 2725 νόθοι
1025 2677 1125 2746 erunt,
1154 2672 1209 2734 sed

99 2755 174 2839 ’ὄντες
194 2759 351 2847 Ἀθηναῖοι
378 2787 420 2827 ee.
444 2765 510 2825 veri
540 2765 631 2826 cives.
677 2765 724 2826 Ex
751 2784 857 2824 eorum
884 2761 977 2844 igitur
1007 2785 1096 2846 grege
1118 2791 1210 2833 senex

101 2881 160 2924 tum
192 2865 258 2926 titiis
294 2867 413 2928 duobus
446 2867 571 2948 prodiit.
622 2865 845 2926 Accurstiorem
889 2876 988 2926 nutem
1026 2869 1212 2949 singulorum

101 2963 320 3044 fragmentorum
342 2970 487 3030 rationem
511 2969 678 3052 explicere,
703 2988 762 3028 non
785 2978 831 3027 est
844 2965 934 3027 huius
955 2969 1026 3029 loci.
1070 2971 1211 3035 Idunum

102 3083 211 3145 moneo,
247 3070 406 3129 iierculem
430 3072 528 3150 ipsum
559 3070 632 3130 mihi
663 3069 758 3130 rideri
781 3067 812 3127 in
840 3068 889 3128 illu
912 3090 1004 3129 coena
1025 3083 1212 3150 proesentens

103 3165 190 3232 tuine.
228 3171 303 3233 Nam
325 3172 355 3230 in
379 3169 539 3253 Vespie⁸⁴)
568 3172 618 3232 ubi
642 3171 717 3252 quid
739 3191 800 3229 non
823 3170 1057 3252 exspectandum
1079 3173 1119 3230 sit
1140 3195 1214 3256 spe-

104 3273 253 3334 ctatoribus
276 3265 416 3354 exponit,
438 3271 485 3333 bis
507 3273 569 3334 sine
594 3273 686 3333 dubio
709 3292 762 3331 sus
784 3271 880 3352 ipsius
901 3269 1031 3330 carmine
1053 3275 1214 3352 spectavit.

104 3365 176 3432 llihil
194 3376 282 3454 igitur
305 3374 446 3455 impedit,
480 3395 541 3454 quo
563 3375 661 3435 minus
684 3393 752 3434 eum
775 3391 896 3452 quoque
920 3391 1061 3449 uersum,
1095 3394 1155 3454 quo
1177 3375 1215 3439 ds

104 3466 218 3538 hercule
239 3479 391 3560 loquitur,
420 3475 461 3537 sil
482 3475 672 3538 Duetulenses
695 3494 767 3535 suos
788 3483 937 3554 spectnsee
959 3491 1119 3538 sumemus.
1161 3475 1216 3536 Di·

107 3573 140 3632 cit
158 3577 230 3638 enim

254 3693 333 3763 οὔθ’
355 3697 502 3782 Ἡρακλῆς
522 3693 558 3764 ni
577 3699 703 3762 δεῖπνον
724 3688 952 3778 ἐξαπατώμενος

110 3847 299 3874 ἱΙ-ι---ι-

120 3961 153 4030 ιι)
166 3966 274 4020 Consule.
292 3965 327 4021 ed
344 3967 437 4022 Athen.
453 3965 501 4032 111,
518 3968 561 4024 32.

120 4047 154 4116 ⁸¹)
168 4051 279 4106 Brunck.
297 4052 325 4105 in
344 4053 497 4121 fragmentis
513 4053 570 4108 sois
588 4047 760 4108 Δαοταλὲη.
795 4047 947 4105 Diuelortius
968 4048 1002 4103 de
1025 4049 1065 4102 his
1088 4064 1121 4101 ne
1144 4046 1220 4102 hilum

161 4119 261 4190 queen
278 4119 397 4190 protulit.
666 4128 674 4143 ¹

119 4205 152 4274 ⁸³)
167 4209 259 4264 Athen.
277 4205 326 4269 Vl,
344 4223 371 4276 p·
387 4205 449 4274 2⁸⁵,
466 4207 526 4264 256.

119 4293 154 4362 ⁸⁴)
170 4295 263 4369 Vospp.
281 4311 309 4350 s.
326 4295 370 4350 60.
961 4381 983 4419 x
998 4366 1014 4397 ἡ
