2784 4959
219 469 345 525 mm
530 378 1001 519 -con'nanrnrro

99 651 105 663 ·
173 618 177 625 ⁹
217 638 280 697 tico
300 641 421 709 mutata,
443 630 497 691 sed
518 631 612 690 multo
634 633 752 712 saepius
776 634 884 693 veteris
906 630 1090 693 enarratori·
1115 632 1351 710 manumipsam

217 723 387 799 ostendunt
421 729 531 793 Adesse
552 734 630 792 enim
651 734 808 815 quasdam,
832 756 906 816 quse
927 738 986 796 sint
1006 754 1022 793 s
1041 732 1268 815 posteriorum
1286 754 1351 811 quo.

216 824 286 902 dam
308 840 479 913 immutata,
513 834 602 895 docet
624 838 805 916 comparatio
834 838 941 897 scholii
965 838 1002 898 ad
1023 856 1052 898 v.
1080 838 1133 904 94
1164 856 1241 895 cnm
1265 836 1350 893 Suida

216 964 240 1003 s.
257 962 286 1001 v.
303 942 478 1021 maauaie,
500 938 609 999 docent
628 949 782 1017 praeterea
804 942 873 1017 loci,
892 942 923 1001 in
946 940 1054 1021 quihus
1078 938 1197 999 eadem
1221 956 1271 997 res
1289 956 1350 1016 pro-

215 1046 305 1106 lixius
327 1050 357 1101 et
377 1040 497 1099 brevius
518 1040 608 1100 simul
629 1043 799 1121 exponitur,
823 1054 858 1103 ut
880 1054 981 1125 aperta
1004 1044 1042 1103 eit
1064 1040 1275 1121 excerpentis
1296 1060 1348 1098 ma.

215 1166 291 1220 nus,
313 1154 348 1204 ut
369 1142 408 1201 ad
428 1149 493 1207 v.1
516 1150 546 1201 et
566 1146 604 1207 21
629 1144 761 1223 aliosque
782 1146 868 1206 locos
885 1148 1068 1226 complures.
1106 1144 1174 1204 Sed
1192 1138 1347 1201 maximam

149 1247 152 1258 '
214 1258 331 1329 partem
352 1244 535 1305 scholiorum
556 1253 688 1305 veterem
711 1258 912 1309 enormiorem
934 1250 1079 1330 prodere,
1112 1248 1151 1307 id
1177 1246 1271 1305 docet
1292 1252 1344 1303 tots

216 1370 318 1411 eorum
338 1348 466 1409 indoles.
509 1348 601 1425 Legae
629 1348 719 1407 rnodo
749 1349 786 1408 ab
812 1352 898 1411 initio
925 1372 1019 1431 usque
1048 1350 1087 1410 ed
1112 1348 1214 1408 finem
1238 1346 1343 1418 omnia;

218 1452 361 1514 concedes
383 1450 466 1511 haud
488 1448 680 1526 dubitanter,
707 1472 739 1511 ea
763 1454 861 1513 omnia
885 1455 991 1515 eodem
1014 1454 1109 1514 modo
1135 1452 1275 1531 scripta,
1302 1446 1341 1505 ei-

216 1557 344 1637 demque
364 1553 477 1615 bomini
499 1552 611 1615 deberi.
652 1554 807 1615 Accedent
829 1565 949 1616 externa
973 1556 1165 1633 testimonis,
1191 1570 1270 1633 quae
1287 1568 1340 1609 rem

216 1658 386 1721 conficiunt.
437 1657 470 1716 si
496 1666 578 1717 recto
605 1656 750 1733 coniicio,
787 1660 884 1719 omnia
913 1680 989 1739 quae
1019 1660 1170 1738 legimus,
1211 1662 1282 1715 sunt
1308 1670 1338 1711 ex

214 1762 327 1822 maiore
355 1758 484 1841 quodam
505 1759 583 1819 libro
605 1770 762 1839 excerpta,
793 1771 844 1821 aut
871 1760 934 1821 sine
960 1762 1130 1822 mutatione
1165 1768 1222 1819 aut
1245 1755 1338 1837 paucis

214 1864 300 1924 aliter
325 1862 415 1923 dictis
437 1884 474 1922 ex
495 1863 617 1941 antiquo
639 1862 852 1923 commentario
873 1862 989 1923 hausta.
1034 1864 1117 1923 llino
1141 1864 1261 1947 factum
1283 1876 1335 1917 esse

212 1968 349 2045 videtur,
380 1974 415 2025 ut
446 1975 620 2046 excerptor,
653 1984 731 2044 quas
760 1966 880 2027 brevius
910 1976 977 2027 ante
1007 1987 1045 2027 ex
1074 1966 1134 2027 illo
1166 1966 1334 2045 sumpserat,

199 2080 332 2159 ¹postca,
359 2088 451 2148 quum
466 2069 623 2128 brevitatis
644 2087 711 2126 eum
733 2068 915 2147 poeniteret,
938 2070 1085 2149 prolixam
1104 2066 1270 2150 scriptoris
1283 2062 1333 2123 dic

211 2174 398 2254 putationem
421 2172 563 2250 adderet,
584 2180 619 2230 nt
633 2170 671 2232 sd
686 2190 716 2231 v.
731 2176 781 2236 21.
804 2171 880 2233 Ante
898 2172 996 2232 omnia
1015 2171 1101 2231 nobis
1119 2172 1206 2232 inter
1222 2188 1254 2231 se
1270 2186 1333 2225 con·

210 2276 334 2336 ferenda
356 2285 435 2358 sunt,
458 2295 533 2356 quae
557 2285 659 2334 noster
679 2284 833 2335 enarrator
854 2274 891 2335 ad
913 2294 941 2337 v.
957 2280 1019 2343 393
1041 2276 1159 2353 posuit,
1184 2294 1221 2333 ac
1234 2268 1329 2330 Suidas

210 2400 235 2441 s.
256 2398 286 2439 v.
309 2378 471 2451 οἰνοπίπας
491 2376 618 2437 notovit.
663 2375 752 2450 Quod
775 2371 867 2439 verba
889 2372 972 2459 „iyal
993 2374 1027 2440 di
1049 2370 1105 2457 οὐχ
1129 2376 1227 2460 ὅροῖ“
1257 2368 1329 2451 apud

209 2494 372 2560 utrumque
395 2489 564 2549 occurrant,
589 2478 658 2540 indo
679 2480 799 2559 colligo,
822 2482 1001 2540 enarratoris
1022 2480 1140 2560 antiqui
1164 2476 1257 2541 verba
1273 2490 1327 2534 esse

211 2584 378 2664 exscripta3
409 2582 478 2641 dein
499 2580 581 2661 quod
605 2582 712 2641 Suidas
735 2584 770 2641 ab
794 2582 881 2642 initio
903 2584 991 2662 pluro
1011 2580 1121 2660 habet,
1153 2578 1263 2661 ,,φηοὶ
1282 2570 1327 2644 τὰς

209 2682 282 2759 roric
308 2686 411 2757 οἴνους
436 2677 693 2764 περιοκοπούσας,
724 2683 766 2758 οἷς
784 2678 918 2766 ’Όμηρος
947 2684 1236 2767 πορθενοπίπος“·
1267 2694 1325 2737 eum

210 2787 264 2867 qni
291 2783 366 2845 baec
394 2782 509 2843 robolin
538 2784 654 2844 eddidit
675 2786 841 2847 Ravennati
863 2788 977 2863 codici,
1008 2806 1068 2846 non
1091 2787 1198 2847 omnia
1220 2777 1326 2845 exscri-

208 2888 306 2968 psisse
327 2894 418 2966 patet.
461 2886 633 2947 lnscrviunt
655 2887 732 2948 enim
754 2908 823 2947 sane
837 2889 1006 2969 supplendo
1023 2886 1219 2963 scholiastae,
1243 2902 1324 2966 qnan-

209 3008 299 3070 quam
321 2987 395 3049 nibil
416 2990 487 3049 novi
509 2988 669 3068 adiiciunt,
700 3000 730 3051 et
758 3010 850 3073 quare
878 2993 929 3071 qui
957 2993 989 3051 in
1016 3010 1103 3051 usum
1134 3013 1224 3053 suum
1244 3002 1322 3068 put·

136 3164 140 3169 ,
210 3092 383 3154 stantissimi
404 3092 473 3174 libri
494 3092 525 3152 in
547 3093 729 3171 marginibus
752 3094 925 3176 esposuit,
949 3094 986 3153 ab
1006 3096 1092 3155 initio
1118 3087 1322 3175 praetermiss-

208 3196 259 3273 rit,
280 3215 336 3255 nos
356 3194 466 3255 docent
485 3195 653 3277 perspicue.
697 3196 784 3257 Addo
807 3196 889 3257 aliud
912 3194 1069 3276 'quiddam
1112 3196 1175 3270 Qui
1193 3202 1319 3254 auctores

124 3286 130 3297 ’
206 3308 278 3359 sunt
300 3296 481 3358 scholiorum
503 3307 692 3374 nostrorum,
716 3318 767 3357 eos
788 3297 942 3359 codicibus
964 3300 1073 3360 nostris
1095 3320 1160 3361 essa
1177 3292 1319 3374 antiquio·

204 3420 254 3461 res
272 3399 378 3477 solere,
399 3400 510 3461 nemini
532 3410 578 3462 est
597 3398 792 3478 incognitum.
835 3402 908 3461 Rem
929 3400 1022 3479 igitur
1042 3402 1250 3481 pervulgatam
1269 3394 1317 3453 do·

206 3502 297 3577 cebo,
328 3502 352 3562 si
380 3504 579 3562 Ravennatem
602 3502 738 3561 codicem
766 3500 1009 3564 od'enarrstoris
1030 3514 1165 3585 tempora
1187 3522 1247 3562 non
1270 3493 1317 3555 sd·
1374 3490 1377 3503 ¹

205 3604 363 3681 scendere,
385 3606 553 3666 ostendero.
597 3604 673 3663 Nam
694 3602 726 3663 in
747 3623 778 3667 v.
795 3610 875 3682 393,
897 3606 934 3666 ds
957 3626 1017 3687 quo
1039 3605 1196 3687 hucusque
1218 3601 1315 3679 dispu-

204 3706 347 3782 tavimus,
377 3709 524 3786 scriptura
552 3707 703 3786 reperitur
732 3702 932 3785 οἰνοπότιδας,
964 3728 1025 3768 non
1047 3710 1134 3769 aliter
1162 3728 1198 3769 sc
1221 3715 1315 3763 mann·

204 3808 325 3887 scriptis
353 3806 386 3867 in
414 3808 481 3868 aliis
510 3808 595 3867 libris
624 3808 764 3868 omnibus
780 3806 831 3881 ⁶¹).
880 3811 922 3870 At
950 3830 1026 3889 quae
1051 3810 1187 3891 apposita
1214 3805 1313 3883 legitur

206 3910 359 3970 adnotatio
380 3910 469 3988 longe
491 3910 581 3971 aliam
603 3910 736 3991 explicat
763 3912 943 3991 scripturam
965 3914 1142 3990 οἰνοπίπας,
1173 3908 1251 3971 unde
1271 3922 1313 3963 se·

203 4015 308 4092 quitur
335 4012 460 4072 diversis
490 4032 554 4075 esso
579 4011 764 4091 temporibus
787 4013 921 4075 codicem
951 4016 1112 4096 scriptum,
1151 4016 1310 4085 sacramque

219 4244 258 4316 ⁶¹)
274 4244 304 4297 ld
315 4262 356 4327 Ιοι
372 4245 486 4329 liekkeri
509 4264 580 4300 mem
599 4246 625 4300 lo
648 4248 832 4302 oouiioiendnra
856 4256 916 4315 est,
941 4248 986 4319 qul
1011 4248 1189 4309 οἰνοπότιδας
1211 4258 1266 4299 roes
1282 4236 1308 4297 ll»

270 4320 299 4369 st
313 4330 341 4368 m
357 4314 427 4371 noda
442 4313 506 4369 mbll
521 4315 556 4371 ds
572 4264 614 4373 ia
1266 4256 1288 4361 hl

614 4316 733 4373 vom-u
750 4314 882 4391 sorpto·
896 4318 972 4384 aur«,
989 4320 1038 4375 oo.
1055 4320 1090 4375 o.
1106 4318 1216 4391 prasos
1233 4328 1259 4383 a·
1290 4304 1301 4359 1
