<?xml version="1.0" encoding="UTF-8"?>
<!DOCTYPE html PUBLIC "-//W3C//DTD XHTML 1.0 Transitional//EN"
    "http://www.w3.org/TR/xhtml1/DTD/xhtml1-transitional.dtd">
<html xmlns="http://www.w3.org/1999/xhtml" xml:lang="en" lang="en">
 <head>
  <title>
</title>
<meta http-equiv="Content-Type" content="text/html;charset=utf-8" />
  <meta name='ocr-system' content='tesseract 3.04.00' />
  <meta name='ocr-capabilities' content='ocr_page ocr_carea ocr_par ocr_line ocrx_word'/>
</head>
<body>
  <div class='ocr_page' id='page_1' title='image "aristophanisplu00thiegoog_0037.png"; bbox 0 0 2784 4959; ppageno 0'>
   <div class='ocr_carea' id='block_1_1' title="bbox 266 335 1190 503">
    <p class='ocr_par' dir='ltr' id='par_1_1' title="bbox 266 335 1190 503">
     <span class='ocr_line' id='line_1_1' title="bbox 266 335 1190 503; baseline 0.009 -50"><span class='ocrx_word' id='word_1_1' title='bbox 266 373 346 453; x_wconf 80' lang='lat' dir='ltr'>tu</span> <span class='ocrx_word' id='word_1_2' title='bbox 384 374 956 503; x_wconf 72' lang='lat' dir='ltr'>nrusroeneunu.</span> <span class='ocrx_word' id='word_1_3' title='bbox 1066 335 1190 463; x_wconf 54' lang='lat' dir='ltr'>nem</span> 
     </span>
    </p>
   </div>
   <div class='ocr_carea' id='block_1_2' title="bbox 73 565 1264 1982">
    <p class='ocr_par' dir='ltr' id='par_1_2' title="bbox 73 565 1264 1853">
     <span class='ocr_line' id='line_1_2' title="bbox 73 565 1205 651; baseline 0.006 -22"><span class='ocrx_word' id='word_1_4' title='bbox 73 565 217 629; x_wconf 62' lang='lat' dir='ltr'>ameum</span> <span class='ocrx_word' id='word_1_5' title='bbox 239 565 441 647; x_wconf 78' lang='lat' dir='ltr'>castigatur,</span> <span class='ocrx_word' id='word_1_6' title='bbox 468 568 643 650; x_wconf 79' lang='lat' dir='ltr'>praesertim</span> <span class='ocrx_word' id='word_1_7' title='bbox 666 588 760 651; x_wconf 85' lang='lat' dir='ltr'>quum</span> <span class='ocrx_word' id='word_1_8' title='bbox 782 568 827 631; x_wconf 80' lang='lat' dir='ltr'>iti</span> <span class='ocrx_word' id='word_1_9' title='bbox 844 576 965 651; x_wconf 83' lang='lat' dir='ltr'>praeter</span> <span class='ocrx_word' id='word_1_10' title='bbox 984 578 1205 636; x_wconf 78' lang='lat' dir='ltr'>tetrametrum·</span> 
     </span>
     <span class='ocr_line' id='line_1_3' title="bbox 81 662 1189 753; baseline 0.007 -24"><span class='ocrx_word' id='word_1_11' title='bbox 81 669 284 745; x_wconf 77' lang='lat' dir='ltr'>cataieotioum,</span> <span class='ocrx_word' id='word_1_12' title='bbox 324 662 420 751; x_wconf 78' lang='lat' dir='ltr'>q&#39;rrem</span> <span class='ocrx_word' id='word_1_13' title='bbox 451 672 597 753; x_wconf 74' lang='lat' dir='ltr'>Reisigius</span> <span class='ocrx_word' id='word_1_14' title='bbox 623 671 684 733; x_wconf 83' lang='lat' dir='ltr'>iam</span> <span class='ocrx_word' id='word_1_15' title='bbox 717 671 867 748; x_wconf 84' lang='lat' dir='ltr'>restituit,</span> <span class='ocrx_word' id='word_1_16' title='bbox 902 680 1074 734; x_wconf 75' lang='lat' dir='ltr'>tetrameter</span> <span class='ocrx_word' id='word_1_17' title='bbox 1100 675 1189 737; x_wconf 84' lang='lat' dir='ltr'>etiam</span> 
     </span>
     <span class='ocr_line' id='line_1_4' title="bbox 87 770 1189 855; baseline 0.01 -28"><span class='ocrx_word' id='word_1_18' title='bbox 87 770 239 831; x_wconf 73' lang='lat' dir='ltr'>mulcetue</span> <span class='ocrx_word' id='word_1_19' title='bbox 263 772 525 854; x_wconf 80' lang='lat' dir='ltr'>deprehendatur.</span> <span class='ocrx_word' id='word_1_20' title='bbox 567 773 728 853; x_wconf 81' lang='lat' dir='ltr'><strong>Scholion,</strong></span> <span class='ocrx_word' id='word_1_21' title='bbox 751 775 833 855; x_wconf 85' lang='lat' dir='ltr'>quod</span> <span class='ocrx_word' id='word_1_22' title='bbox 853 775 892 834; x_wconf 91' lang='lat' dir='ltr'>ad</span> <span class='ocrx_word' id='word_1_23' title='bbox 913 774 995 834; x_wconf 86' lang='lat' dir='ltr'>Plut.</span> <span class='ocrx_word' id='word_1_24' title='bbox 1015 778 1089 841; x_wconf 74' lang='lat'>302</span> <span class='ocrx_word' id='word_1_25' title='bbox 1110 777 1189 838; x_wconf 80' lang='lat' dir='ltr'>forte</span> 
     </span>
     <span class='ocr_line' id='line_1_5' title="bbox 90 872 1189 959; baseline 0.003 -26"><span class='ocrx_word' id='word_1_26' title='bbox 90 874 186 933; x_wconf 78' lang='lat' dir='ltr'>tortum</span> <span class='ocrx_word' id='word_1_27' title='bbox 204 872 285 935; x_wconf 82' lang='lat' dir='ltr'>mihi</span> <span class='ocrx_word' id='word_1_28' title='bbox 306 876 410 956; x_wconf 86' lang='lat' dir='ltr'>primo</span> <span class='ocrx_word' id='word_1_29' title='bbox 432 896 465 935; x_wconf 86' lang='lat' dir='ltr'>aa</span> <span class='ocrx_word' id='word_1_30' title='bbox 484 875 621 959; x_wconf 87' lang='lat' dir='ltr'>aperuit,</span> <span class='ocrx_word' id='word_1_31' title='bbox 641 876 778 955; x_wconf 82' lang='lat' dir='ltr'>quamvis</span> <span class='ocrx_word' id='word_1_32' title='bbox 799 876 905 937; x_wconf 84' lang='lat' dir='ltr'>auxilii</span> <span class='ocrx_word' id='word_1_33' title='bbox 916 874 1034 935; x_wconf 88' lang='lat' dir='ltr'>nullius</span> <span class='ocrx_word' id='word_1_34' title='bbox 1048 876 1189 957; x_wconf 77' lang='lat' dir='ltr'>indigeat,</span> 
     </span>
     <span class='ocr_line' id='line_1_6' title="bbox 88 977 1264 1057; baseline 0.002 -22"><span class='ocrx_word' id='word_1_35' title='bbox 88 995 319 1055; x_wconf 74' lang='lat' dir='ltr'>upuvamneam</span> <span class='ocrx_word' id='word_1_36' title='bbox 342 978 492 1057; x_wconf 88' lang='lat' dir='ltr'>quandam</span> <span class='ocrx_word' id='word_1_37' title='bbox 509 978 609 1039; x_wconf 83' lang='lat' dir='ltr'>adhuc</span> <span class='ocrx_word' id='word_1_38' title='bbox 629 978 814 1039; x_wconf 71' lang='lat' dir='ltr'>nanciscitur</span> <span class='ocrx_word' id='word_1_39' title='bbox 836 977 1041 1039; x_wconf 86' lang='lat' dir='ltr'>auctoritatem</span> <span class='ocrx_word' id='word_1_40' title='bbox 1062 998 1101 1038; x_wconf 84' lang='lat' dir='ltr'>cx</span> <span class='ocrx_word' id='word_1_41' title='bbox 1121 981 1189 1043; x_wconf 86' lang='lat' dir='ltr'>cod.</span> <span class='ocrx_word' id='word_1_42' title='bbox 1257 1027 1264 1037; x_wconf 88' lang='lat'><strong>.</strong></span> 
     </span>
     <span class='ocr_line' id='line_1_7' title="bbox 85 1076 1189 1163; baseline 0.005 -28"><span class='ocrx_word' id='word_1_43' title='bbox 85 1076 152 1152; x_wconf 68' lang='lat' dir='ltr'>tlt,</span> <span class='ocrx_word' id='word_1_44' title='bbox 172 1079 204 1137; x_wconf 91' lang='lat' dir='ltr'>in</span> <span class='ocrx_word' id='word_1_45' title='bbox 224 1100 288 1159; x_wconf 84' lang='lat' dir='ltr'>quo</span> <span class='ocrx_word' id='word_1_46' title='bbox 313 1078 367 1143; x_wconf 84' lang='lat' dir='ltr'>Ch.</span> <span class='ocrx_word' id='word_1_47' title='bbox 384 1081 419 1141; x_wconf 88' lang='grc' dir='ltr'>Ι).</span> <span class='ocrx_word' id='word_1_48' title='bbox 431 1080 574 1158; x_wconf 74' lang='lat' dir='ltr'>Baebius,</span> <span class='ocrx_word' id='word_1_49' title='bbox 596 1100 659 1141; x_wconf 84' lang='lat' dir='ltr'>uon</span> <span class='ocrx_word' id='word_1_50' title='bbox 678 1080 847 1161; x_wconf 85' lang='lat' dir='ltr'>suspicatae</span> <span class='ocrx_word' id='word_1_51' title='bbox 869 1079 942 1159; x_wconf 86' lang='lat' dir='ltr'>quid</span> <span class='ocrx_word' id='word_1_52' title='bbox 961 1078 1022 1141; x_wconf 89' lang='lat' dir='ltr'>hoc</span> <span class='ocrx_word' id='word_1_53' title='bbox 1041 1091 1119 1141; x_wconf 87' lang='lat' dir='ltr'>esset</span> <span class='ocrx_word' id='word_1_54' title='bbox 1134 1078 1189 1163; x_wconf 75' lang='lat'>³⁶),</span> 
     </span>
     <span class='ocr_line' id='line_1_8' title="bbox 83 1172 1201 1263; baseline 0.004 -24"><span class='ocrx_word' id='word_1_55' title='bbox 83 1178 233 1241; x_wconf 77' lang='lat' dir='ltr'>affirmarit</span> <span class='ocrx_word' id='word_1_56' title='bbox 253 1180 336 1241; x_wconf 84' lang='lat' dir='ltr'>Pluti</span> <span class='ocrx_word' id='word_1_57' title='bbox 357 1201 460 1241; x_wconf 80' lang='lat' dir='ltr'>versus</span> <span class='ocrx_word' id='word_1_58' title='bbox 481 1186 544 1249; x_wconf 79' lang='lat'>293</span> <span class='ocrx_word' id='word_1_59' title='bbox 557 1191 586 1243; x_wconf 87' lang='lat' dir='ltr'>et</span> <span class='ocrx_word' id='word_1_60' title='bbox 601 1186 664 1249; x_wconf 79' lang='lat'>294</span> <span class='ocrx_word' id='word_1_61' title='bbox 685 1183 858 1263; x_wconf 79' lang='lat' dir='ltr'>pariterque</span> <span class='ocrx_word' id='word_1_62' title='bbox 881 1186 944 1249; x_wconf 81' lang='lat'>299</span> <span class='ocrx_word' id='word_1_63' title='bbox 956 1188 986 1239; x_wconf 93' lang='lat' dir='ltr'>et</span> <span class='ocrx_word' id='word_1_64' title='bbox 1001 1183 1065 1247; x_wconf 80' lang='lat'>800</span> <span class='ocrx_word' id='word_1_65' title='bbox 1084 1172 1201 1243; x_wconf 69' lang='lat' dir='ltr'>utros·&#39;</span> 
     </span>
     <span class='ocr_line' id='line_1_9' title="bbox 85 1281 1189 1365; baseline 0.005 -26"><span class='ocrx_word' id='word_1_66' title='bbox 85 1300 136 1358; x_wconf 83' lang='lat' dir='ltr'>qua</span> <span class='ocrx_word' id='word_1_67' title='bbox 153 1302 245 1343; x_wconf 89' lang='lat' dir='ltr'>unum</span> <span class='ocrx_word' id='word_1_68' title='bbox 271 1302 394 1343; x_wconf 78' lang='lat' dir='ltr'>versum</span> <span class='ocrx_word' id='word_1_69' title='bbox 422 1282 548 1345; x_wconf 82' lang='lat' dir='ltr'>efficere.</span> <span class='ocrx_word' id='word_1_70' title='bbox 568 1352 572 1355; x_wconf 51' lang='grc'><strong>,</strong></span> <span class='ocrx_word' id='word_1_71' title='bbox 589 1286 631 1345; x_wconf 88' lang='lat' dir='ltr'>Hi</span> <span class='ocrx_word' id='word_1_72' title='bbox 659 1295 758 1345; x_wconf 90' lang='lat' dir='ltr'>autem</span> <span class='ocrx_word' id='word_1_73' title='bbox 784 1291 871 1359; x_wconf 89' lang='lat' dir='ltr'>eunt,</span> <span class='ocrx_word' id='word_1_74' title='bbox 899 1281 925 1341; x_wconf 87' lang='lat' dir='ltr'>ei</span> <span class='ocrx_word' id='word_1_75' title='bbox 959 1293 1189 1365; x_wconf 82' lang='lat' dir='ltr'>componuntur,</span> 
     </span>
     <span class='ocr_line' id='line_1_10' title="bbox 84 1380 1190 1467; baseline 0.008 -30"><span class='ocrx_word' id='word_1_76' title='bbox 84 1380 194 1443; x_wconf 77' lang='lat' dir='ltr'>iambici</span> <span class='ocrx_word' id='word_1_77' title='bbox 212 1384 379 1447; x_wconf 82' lang='lat' dir='ltr'>tetrametri</span> <span class='ocrx_word' id='word_1_78' title='bbox 401 1385 565 1445; x_wconf 87' lang='lat' dir='ltr'>acatalecti.</span> <span class='ocrx_word' id='word_1_79' title='bbox 606 1388 741 1467; x_wconf 84' lang='lat' dir='ltr'>Denique</span> <span class='ocrx_word' id='word_1_80' title='bbox 760 1384 837 1448; x_wconf 84' lang='lat' dir='ltr'>illud</span> <span class='ocrx_word' id='word_1_81' title='bbox 850 1384 1016 1446; x_wconf 86' lang='lat' dir='ltr'>tetrametri</span> <span class='ocrx_word' id='word_1_82' title='bbox 1036 1384 1190 1446; x_wconf 88' lang='lat' dir='ltr'>acatalecti</span> 
     </span>
     <span class='ocr_line' id='line_1_11' title="bbox 87 1484 1189 1567; baseline 0.005 -24"><span class='ocrx_word' id='word_1_83' title='bbox 87 1486 243 1564; x_wconf 80' lang='lat' dir='ltr'>exemplum</span> <span class='ocrx_word' id='word_1_84' title='bbox 265 1487 361 1566; x_wconf 89' lang='lat' dir='ltr'>addo,</span> <span class='ocrx_word' id='word_1_85' title='bbox 383 1488 464 1567; x_wconf 85' lang='lat' dir='ltr'>quod</span> <span class='ocrx_word' id='word_1_86' title='bbox 483 1488 608 1549; x_wconf 85' lang='lat' dir='ltr'>Godofa.</span> <span class='ocrx_word' id='word_1_87' title='bbox 630 1488 819 1549; x_wconf 86' lang='lat' dir='ltr'>Hermauuus</span> <span class='ocrx_word' id='word_1_88' title='bbox 840 1485 885 1565; x_wconf 81' lang='lat'>⁸⁶)</span> <span class='ocrx_word' id='word_1_89' title='bbox 913 1506 963 1552; x_wconf 76' lang='lat' dir='ltr'>ex,</span> <span class='ocrx_word' id='word_1_90' title='bbox 981 1484 1189 1567; x_wconf 69' lang='lat' dir='ltr'>Aristophanis</span> 
     </span>
     <span class='ocr_line' id='line_1_12' title="bbox 91 1584 1187 1671; baseline 0.005 -26"><span class='ocrx_word' id='word_1_91' title='bbox 91 1584 204 1648; x_wconf 82' lang='lat' dir='ltr'>Daedalo</span> <span class='ocrx_word' id='word_1_92' title='bbox 225 1610 273 1671; x_wconf 83' lang='lat' dir='ltr'>ap.</span> <span class='ocrx_word' id='word_1_93' title='bbox 295 1589 437 1651; x_wconf 87' lang='lat' dir='ltr'>Photium</span> <span class='ocrx_word' id='word_1_94' title='bbox 460 1605 535 1652; x_wconf 81' lang='lat' dir='ltr'>e.·v.</span> <span class='ocrx_word' id='word_1_95' title='bbox 559 1588 635 1655; x_wconf 78' lang='grc' dir='ltr'><strong><em>ὄνου</em></strong></span> <span class='ocrx_word' id='word_1_96' title='bbox 658 1584 729 1653; x_wconf 71' lang='grc' dir='ltr'>σκιά</span> <span class='ocrx_word' id='word_1_97' title='bbox 754 1588 889 1667; x_wconf 83' lang='lat' dir='ltr'>invenit,</span> <span class='ocrx_word' id='word_1_98' title='bbox 918 1609 1005 1669; x_wconf 84' lang='lat' dir='ltr'>quern</span> <span class='ocrx_word' id='word_1_99' title='bbox 1022 1588 1103 1651; x_wconf 84' lang='lat' dir='ltr'>baud</span> <span class='ocrx_word' id='word_1_100' title='bbox 1123 1590 1187 1651; x_wconf 90' lang='lat' dir='ltr'>scio</span> 
     </span>
     <span class='ocr_line' id='line_1_13' title="bbox 91 1691 1228 1762; baseline 0.005 -15"><span class='ocrx_word' id='word_1_101' title='bbox 91 1704 126 1745; x_wconf 85' lang='lat' dir='ltr'>au</span> <span class='ocrx_word' id='word_1_102' title='bbox 155 1708 251 1752; x_wconf 80' lang='lat' dir='ltr'>rerum</span> <span class='ocrx_word' id='word_1_103' title='bbox 286 1704 493 1755; x_wconf 84' lang='lat' dir='ltr'>tetrametrum</span> <span class='ocrx_word' id='word_1_104' title='bbox 532 1691 731 1753; x_wconf 84' lang='lat' dir='ltr'>acatalectum</span> <span class='ocrx_word' id='word_1_105' title='bbox 764 1712 847 1758; x_wconf 89' lang='lat' dir='ltr'>nuuc</span> <span class='ocrx_word' id='word_1_106' title='bbox 886 1711 1004 1762; x_wconf 86' lang='lat' dir='ltr'>mecum</span> <span class='ocrx_word' id='word_1_107' title='bbox 1035 1691 1188 1753; x_wconf 83' lang='lat' dir='ltr'>iudicatu-</span> <span class='ocrx_word' id='word_1_108' title='bbox 1220 1722 1228 1741; x_wconf 89' lang='lat'><strong>·</strong></span> 
     </span>
     <span class='ocr_line' id='line_1_14' title="bbox 89 1792 380 1853; baseline 0.021 -6"><span class='ocrx_word' id='word_1_109' title='bbox 89 1806 137 1847; x_wconf 84' lang='lat' dir='ltr'>rus</span> <span class='ocrx_word' id='word_1_110' title='bbox 165 1792 211 1853; x_wconf 82' lang='lat' dir='ltr'>sit:</span> <span class='ocrx_word' id='word_1_111' title='bbox 376 1800 380 1809; x_wconf 87' lang='grc'><strong>“</strong></span> 
     </span>
    </p>

    <p class='ocr_par' dir='ltr' id='par_1_3' title="bbox 167 1890 1129 1982">
     <span class='ocr_line' id='line_1_15' title="bbox 167 1890 1129 1982; baseline 0.004 -27"><span class='ocrx_word' id='word_1_112' title='bbox 167 1893 228 1978; x_wconf 74' lang='grc' dir='ltr'>περὶ</span> <span class='ocrx_word' id='word_1_113' title='bbox 241 1900 295 1961; x_wconf 77' lang='lat' dir='ltr'>aori</span> <span class='ocrx_word' id='word_1_114' title='bbox 305 1896 364 1982; x_wconf 76' lang='lat' dir='ltr'>peip</span> <span class='ocrx_word' id='word_1_115' title='bbox 377 1896 453 1980; x_wconf 75' lang='lat' dir='ltr'>ripis</span> <span class='ocrx_word' id='word_1_116' title='bbox 468 1896 486 1963; x_wconf 88' lang='lat' dir='ltr'>o‘</span> <span class='ocrx_word' id='word_1_117' title='bbox 500 1890 625 1979; x_wconf 71' lang='grc' dir='ltr'>πόλεμος</span> <span class='ocrx_word' id='word_1_118' title='bbox 640 1900 699 1961; x_wconf 78' lang='grc' dir='ltr'>νῦν</span> <span class='ocrx_word' id='word_1_119' title='bbox 713 1894 790 1975; x_wconf 70' lang='lat' dir='ltr'>ioca,</span> <span class='ocrx_word' id='word_1_120' title='bbox 811 1894 881 1980; x_wconf 75' lang='lat' dir='ltr'>napi</span> <span class='ocrx_word' id='word_1_121' title='bbox 895 1892 969 1961; x_wconf 74' lang='lat' dir='ltr'>&#39;ivos</span> <span class='ocrx_word' id='word_1_122' title='bbox 990 1898 1087 1969; x_wconf 74' lang='grc' dir='ltr'>σκιᾶς.</span> <span class='ocrx_word' id='word_1_123' title='bbox 1126 1970 1129 1977; x_wconf 28' lang='grc' dir='ltr'>Ι</span> 
     </span>
    </p>
   </div>
   <div class='ocr_carea' id='block_1_3' title="bbox 93 2006 1190 2503">
    <p class='ocr_par' dir='ltr' id='par_1_4' title="bbox 93 2006 1190 2503">
     <span class='ocr_line' id='line_1_16' title="bbox 93 2006 1188 2100; baseline 0.009 -37"><span class='ocrx_word' id='word_1_124' title='bbox 93 2006 242 2089; x_wconf 75' lang='lat' dir='ltr'>{arrigitur</span> <span class='ocrx_word' id='word_1_125' title='bbox 260 2036 351 2096; x_wconf 85' lang='lat' dir='ltr'>quum</span> <span class='ocrx_word' id='word_1_126' title='bbox 363 2018 439 2079; x_wconf 86' lang='lat' dir='ltr'>mibi</span> <span class='ocrx_word' id='word_1_127' title='bbox 456 2038 542 2100; x_wconf 85' lang='lat' dir='ltr'>saepe</span> <span class='ocrx_word' id='word_1_128' title='bbox 555 2028 685 2079; x_wconf 86' lang='lat' dir='ltr'>urentem</span> <span class='ocrx_word' id='word_1_129' title='bbox 706 2016 822 2078; x_wconf 84' lang='lat' dir='ltr'>subiret</span> <span class='ocrx_word' id='word_1_130' title='bbox 839 2016 958 2092; x_wconf 75' lang='lat' dir='ltr'>murti,</span> <span class='ocrx_word' id='word_1_131' title='bbox 981 2016 1110 2077; x_wconf 84' lang='lat' dir='ltr'>Graecos</span> <span class='ocrx_word' id='word_1_132' title='bbox 1125 2014 1188 2075; x_wconf 83' lang='lat' dir='ltr'>hoc</span> 
     </span>
     <span class='ocr_line' id='line_1_17' title="bbox 94 2116 1188 2195; baseline 0 -18"><span class='ocrx_word' id='word_1_133' title='bbox 94 2120 223 2190; x_wconf 63' lang='lat' dir='ltr'>Mirum,</span> <span class='ocrx_word' id='word_1_134' title='bbox 242 2120 337 2195; x_wconf 86' lang='lat' dir='ltr'>poetis</span> <span class='ocrx_word' id='word_1_135' title='bbox 356 2120 558 2181; x_wconf 83' lang='lat' dir='ltr'>Romanorum</span> <span class='ocrx_word' id='word_1_136' title='bbox 577 2120 701 2180; x_wconf 89' lang='lat' dir='ltr'>comicis</span> <span class='ocrx_word' id='word_1_137' title='bbox 720 2119 843 2179; x_wconf 83' lang='lat' dir='ltr'>illorum</span> <span class='ocrx_word' id='word_1_138' title='bbox 866 2118 1066 2179; x_wconf 72' lang='lat' dir='ltr'>imitatoribus</span> <span class='ocrx_word' id='word_1_139' title='bbox 1080 2116 1188 2177; x_wconf 88' lang='lat' dir='ltr'>curio-</span> 
     </span>
     <span class='ocr_line' id='line_1_18' title="bbox 98 2205 1190 2303; baseline 0.011 -38"><span class='ocrx_word' id='word_1_140' title='bbox 98 2208 138 2267; x_wconf 87' lang='lat' dir='ltr'>sis</span> <span class='ocrx_word' id='word_1_141' title='bbox 161 2215 368 2297; x_wconf 80' lang='lat' dir='ltr'>amicissimum,</span> <span class='ocrx_word' id='word_1_142' title='bbox 400 2221 566 2303; x_wconf 71' lang='lat' dir='ltr'>respuisse,</span> <span class='ocrx_word' id='word_1_143' title='bbox 599 2221 714 2281; x_wconf 84' lang='lat' dir='ltr'>maiore</span> <span class='ocrx_word' id='word_1_144' title='bbox 736 2218 837 2281; x_wconf 82' lang='lat' dir='ltr'>adbuc</span> <span class='ocrx_word' id='word_1_145' title='bbox 862 2221 1061 2283; x_wconf 70' lang='lat' dir='ltr'>admiratione</span> <span class='ocrx_word' id='word_1_146' title='bbox 1080 2205 1190 2299; x_wconf 77' lang='lat' dir='ltr'>captus</span> 
     </span>
     <span class='ocr_line' id='line_1_19' title="bbox 103 2316 1188 2401; baseline 0.013 -36"><span class='ocrx_word' id='word_1_147' title='bbox 103 2328 178 2383; x_wconf 85' lang='lat' dir='ltr'>sum,</span> <span class='ocrx_word' id='word_1_148' title='bbox 192 2316 234 2374; x_wconf 90' lang='lat' dir='ltr'>ubi</span> <span class='ocrx_word' id='word_1_149' title='bbox 253 2320 331 2393; x_wconf 83' lang='lat' dir='ltr'>vidi,</span> <span class='ocrx_word' id='word_1_150' title='bbox 354 2322 546 2385; x_wconf 71' lang='lat' dir='ltr'>scholiastam</span> <span class='ocrx_word' id='word_1_151' title='bbox 567 2342 668 2385; x_wconf 87' lang='lat' dir='ltr'>rerum</span> <span class='ocrx_word' id='word_1_152' title='bbox 689 2322 885 2382; x_wconf 78' lang='lat' dir='ltr'>metricorum</span> <span class='ocrx_word' id='word_1_153' title='bbox 905 2322 1119 2401; x_wconf 87' lang='lat' dir='ltr'>peritissimum</span> <span class='ocrx_word' id='word_1_154' title='bbox 1149 2319 1188 2379; x_wconf 82' lang='lat' dir='ltr'>de</span> 
     </span>
     <span class='ocr_line' id='line_1_20' title="bbox 107 2406 1187 2503; baseline 0.018 -38"><span class='ocrx_word' id='word_1_155' title='bbox 107 2406 163 2467; x_wconf 85' lang='lat' dir='ltr'>boc</span> <span class='ocrx_word' id='word_1_156' title='bbox 177 2434 245 2477; x_wconf 80' lang='lat' dir='ltr'>ruso</span> <span class='ocrx_word' id='word_1_157' title='bbox 262 2432 406 2503; x_wconf 85' lang='lat' dir='ltr'>tauquam</span> <span class='ocrx_word' id='word_1_158' title='bbox 434 2425 472 2485; x_wconf 86' lang='lat' dir='ltr'>da</span> <span class='ocrx_word' id='word_1_159' title='bbox 497 2446 531 2486; x_wconf 87' lang='lat' dir='ltr'>ro</span> <span class='ocrx_word' id='word_1_160' title='bbox 558 2423 676 2502; x_wconf 79' lang='lat' dir='ltr'>vulgari</span> <span class='ocrx_word' id='word_1_161' title='bbox 703 2442 761 2482; x_wconf 87' lang='lat' dir='ltr'>uec</span> <span class='ocrx_word' id='word_1_162' title='bbox 789 2444 806 2481; x_wconf 88' lang='lat' dir='ltr'>a</span> <span class='ocrx_word' id='word_1_163' title='bbox 836 2424 949 2482; x_wconf 87' lang='lat' dir='ltr'>Comici</span> <span class='ocrx_word' id='word_1_164' title='bbox 977 2442 1062 2483; x_wconf 86' lang='lat' dir='ltr'>more</span> <span class='ocrx_word' id='word_1_165' title='bbox 1088 2420 1187 2484; x_wconf 77' lang='lat' dir='ltr'>atiena</span> 
     </span>
    </p>
   </div>
   <div class='ocr_carea' id='block_1_4' title="bbox 101 2517 1273 3631">
    <p class='ocr_par' dir='ltr' id='par_1_5' title="bbox 101 2517 1273 3631">
     <span class='ocr_line' id='line_1_21' title="bbox 111 2517 1185 2605; baseline 0.012 -37"><span class='ocrx_word' id='word_1_166' title='bbox 111 2528 252 2583; x_wconf 81' lang='lat' dir='ltr'>mouentem.</span> <span class='ocrx_word' id='word_1_167' title='bbox 294 2527 326 2585; x_wconf 84' lang='lat' dir='ltr'>Si</span> <span class='ocrx_word' id='word_1_168' title='bbox 347 2546 431 2587; x_wconf 88' lang='lat' dir='ltr'>nuno</span> <span class='ocrx_word' id='word_1_169' title='bbox 455 2536 570 2588; x_wconf 81' lang='lat' dir='ltr'>eertum</span> <span class='ocrx_word' id='word_1_170' title='bbox 596 2535 656 2603; x_wconf 85' lang='lat' dir='ltr'>est,</span> <span class='ocrx_word' id='word_1_171' title='bbox 686 2523 915 2605; x_wconf 77' lang='lat' dir='ltr'>Aristophanem</span> <span class='ocrx_word' id='word_1_172' title='bbox 935 2525 1026 2585; x_wconf 83' lang='lat' dir='ltr'>semei</span> <span class='ocrx_word' id='word_1_173' title='bbox 1050 2517 1185 2582; x_wconf 84' lang='lat' dir='ltr'>iambicis</span> 
     </span>
     <span class='ocr_line' id='line_1_22' title="bbox 107 2622 1185 2707; baseline 0.004 -26"><span class='ocrx_word' id='word_1_174' title='bbox 107 2622 254 2684; x_wconf 70' lang='lat' dir='ltr'>totamm</span> <span class='ocrx_word' id='word_1_175' title='bbox 281 2627 450 2689; x_wconf 84' lang='lat' dir='ltr'>acatalectis</span> <span class='ocrx_word' id='word_1_176' title='bbox 478 2649 564 2689; x_wconf 88' lang='lat' dir='ltr'>usum</span> <span class='ocrx_word' id='word_1_177' title='bbox 591 2650 654 2689; x_wconf 87' lang='lat' dir='ltr'>esee</span> <span class='ocrx_word' id='word_1_178' title='bbox 683 2647 793 2707; x_wconf 85' lang='lat' dir='ltr'>eoaque</span> <span class='ocrx_word' id='word_1_179' title='bbox 823 2627 1002 2689; x_wconf 85' lang='lat' dir='ltr'>catalecticis</span> <span class='ocrx_word' id='word_1_180' title='bbox 1035 2625 1185 2702; x_wconf 84' lang='lat' dir='ltr'>adiecisse,</span> 
     </span>
     <span class='ocr_line' id='line_1_23' title="bbox 103 2712 1251 2812; baseline 0.002 -26"><span class='ocrx_word' id='word_1_181' title='bbox 103 2739 177 2797; x_wconf 60' lang='lat' dir='ltr'>pltea</span> <span class='ocrx_word' id='word_1_182' title='bbox 193 2725 289 2791; x_wconf 88' lang='lat' dir='ltr'>horum</span> <span class='ocrx_word' id='word_1_183' title='bbox 307 2750 452 2791; x_wconf 83' lang='lat' dir='ltr'>versuum</span> <span class='ocrx_word' id='word_1_184' title='bbox 472 2730 710 2792; x_wconf 84' lang='lat' dir='ltr'>consociationes</span> <span class='ocrx_word' id='word_1_185' title='bbox 730 2730 762 2789; x_wconf 87' lang='lat' dir='ltr'>iu</span> <span class='ocrx_word' id='word_1_186' title='bbox 778 2712 845 2789; x_wconf 83' lang='lat' dir='ltr'>aliis</span> <span class='ocrx_word' id='word_1_187' title='bbox 866 2729 1012 2790; x_wconf 81' lang='lat' dir='ltr'>eiusmodi</span> <span class='ocrx_word' id='word_1_188' title='bbox 1029 2727 1105 2789; x_wconf 89' lang='lat' dir='ltr'>locis</span> <span class='ocrx_word' id='word_1_189' title='bbox 1124 2747 1203 2788; x_wconf 48' lang='lat' dir='ltr'>ert-x</span> <span class='ocrx_word' id='word_1_190' title='bbox 1248 2802 1251 2812; x_wconf 32' lang='grc'>1</span> 
     </span>
     <span class='ocr_line' id='line_1_24' title="bbox 102 2829 1183 2911; baseline 0.002 -22"><span class='ocrx_word' id='word_1_191' title='bbox 102 2830 182 2902; x_wconf 61' lang='lat'>⁸182,</span> <span class='ocrx_word' id='word_1_192' title='bbox 198 2832 253 2890; x_wconf 82' lang='lat' dir='ltr'>veri</span> <span class='ocrx_word' id='word_1_193' title='bbox 274 2832 396 2911; x_wconf 85' lang='lat' dir='ltr'>quidem</span> <span class='ocrx_word' id='word_1_194' title='bbox 416 2832 600 2895; x_wconf 85' lang='lat' dir='ltr'>simillimum</span> <span class='ocrx_word' id='word_1_195' title='bbox 622 2852 683 2892; x_wconf 86' lang='lat' dir='ltr'>oeae</span> <span class='ocrx_word' id='word_1_196' title='bbox 704 2832 833 2893; x_wconf 86' lang='lat' dir='ltr'>videtur.</span> <span class='ocrx_word' id='word_1_197' title='bbox 878 2832 1026 2906; x_wconf 88' lang='lat' dir='ltr'>Quocirca</span> <span class='ocrx_word' id='word_1_198' title='bbox 1045 2829 1183 2899; x_wconf 84' lang='lat' dir='ltr'>arbitror,</span> 
     </span>
     <span class='ocr_line' id='line_1_25' title="bbox 104 2921 1273 3015; baseline 0.001 -27"><span class='ocrx_word' id='word_1_199' title='bbox 104 2923 148 2983; x_wconf 82' lang='lat' dir='ltr'>ubi</span> <span class='ocrx_word' id='word_1_200' title='bbox 170 2928 342 3013; x_wconf 59' lang='lat' dir='ltr'>iadimetria</span> <span class='ocrx_word' id='word_1_201' title='bbox 362 2934 530 2995; x_wconf 84' lang='lat' dir='ltr'>necessaria</span> <span class='ocrx_word' id='word_1_202' title='bbox 555 2932 665 2995; x_wconf 87' lang='lat' dir='ltr'>indicia</span> <span class='ocrx_word' id='word_1_203' title='bbox 689 2943 898 3015; x_wconf 84' lang='lat' dir='ltr'>compareant,</span> <span class='ocrx_word' id='word_1_204' title='bbox 926 2931 1047 2993; x_wconf 83' lang='lat' dir='ltr'>utfinis</span> <span class='ocrx_word' id='word_1_205' title='bbox 1067 2931 1184 2992; x_wconf 79' lang='lat' dir='ltr'>numer-i</span> <span class='ocrx_word' id='word_1_206' title='bbox 1269 2921 1273 2932; x_wconf 78' lang='grc'><strong>’</strong></span> 
     </span>
     <span class='ocr_line' id='line_1_26' title="bbox 105 3033 1185 3117; baseline 0.004 -26"><span class='ocrx_word' id='word_1_207' title='bbox 105 3034 131 3085; x_wconf 78' lang='lat' dir='ltr'>et</span> <span class='ocrx_word' id='word_1_208' title='bbox 144 3033 217 3093; x_wconf 82' lang='lat' dir='ltr'>metri</span> <span class='ocrx_word' id='word_1_209' title='bbox 236 3046 264 3097; x_wconf 89' lang='lat' dir='ltr'>et</span> <span class='ocrx_word' id='word_1_210' title='bbox 283 3037 455 3117; x_wconf 89' lang='lat' dir='ltr'>interrupta</span> <span class='ocrx_word' id='word_1_211' title='bbox 479 3036 682 3113; x_wconf 85' lang='lat' dir='ltr'>continuatio,</span> <span class='ocrx_word' id='word_1_212' title='bbox 701 3035 759 3097; x_wconf 87' lang='lat' dir='ltr'>hos</span> <span class='ocrx_word' id='word_1_213' title='bbox 779 3036 922 3097; x_wconf 86' lang='lat' dir='ltr'>dimetros</span> <span class='ocrx_word' id='word_1_214' title='bbox 943 3043 1013 3095; x_wconf 86' lang='lat' dir='ltr'>suta</span> <span class='ocrx_word' id='word_1_215' title='bbox 1033 3035 1124 3095; x_wconf 78' lang='lat' dir='ltr'>fuisse</span> <span class='ocrx_word' id='word_1_216' title='bbox 1142 3044 1185 3095; x_wconf 84' lang='lat' dir='ltr'>te·</span> 
     </span>
     <span class='ocr_line' id='line_1_27' title="bbox 103 3135 1185 3218; baseline 0.001 -26"><span class='ocrx_word' id='word_1_217' title='bbox 103 3135 235 3197; x_wconf 67' lang='lat' dir='ltr'>mnenon</span> <span class='ocrx_word' id='word_1_218' title='bbox 255 3138 449 3215; x_wconf 85' lang='lat' dir='ltr'>acatalectoa,</span> <span class='ocrx_word' id='word_1_219' title='bbox 470 3158 544 3218; x_wconf 86' lang='lat' dir='ltr'>quos</span> <span class='ocrx_word' id='word_1_220' title='bbox 566 3137 699 3216; x_wconf 85' lang='lat' dir='ltr'>singulae</span> <span class='ocrx_word' id='word_1_221' title='bbox 721 3137 836 3199; x_wconf 88' lang='lat' dir='ltr'>librarii</span> <span class='ocrx_word' id='word_1_222' title='bbox 856 3150 1020 3198; x_wconf 88' lang='lat' dir='ltr'>metrorum</span> <span class='ocrx_word' id='word_1_223' title='bbox 1044 3135 1185 3215; x_wconf 86' lang='lat' dir='ltr'>imperiti,</span> 
     </span>
     <span class='ocr_line' id='line_1_28' title="bbox 105 3234 1185 3315; baseline 0.004 -22"><span class='ocrx_word' id='word_1_224' title='bbox 105 3234 295 3308; x_wconf 70' lang='lat' dir='ltr'>quaerebat.</span> <span class='ocrx_word' id='word_1_225' title='bbox 317 3238 583 3307; x_wconf 76' lang='lat' dir='ltr'>adttubb.1484.</span> <span class='ocrx_word' id='word_1_226' title='bbox 607 3247 707 3315; x_wconf 83' lang='lat' dir='ltr'>notat,</span> <span class='ocrx_word' id='word_1_227' title='bbox 734 3238 769 3297; x_wconf 87' lang='lat' dir='ltr'>irr</span> <span class='ocrx_word' id='word_1_228' title='bbox 798 3238 939 3299; x_wconf 84' lang='lat' dir='ltr'>dimetros</span> <span class='ocrx_word' id='word_1_229' title='bbox 967 3237 1185 3297; x_wconf 80' lang='lat' dir='ltr'>dissecuissertt·</span> 
     </span>
     <span class='ocr_line' id='line_1_29' title="bbox 106 3332 1184 3423; baseline -0.011 -16"><span class='ocrx_word' id='word_1_230' title='bbox 106 3332 170 3407; x_wconf 58' lang='grc' dir='ltr'>ΩΨ</span> <span class='ocrx_word' id='word_1_231' title='bbox 180 3342 212 3403; x_wconf 89' lang='lat' dir='ltr'>G.</span> <span class='ocrx_word' id='word_1_232' title='bbox 225 3344 412 3404; x_wconf 85' lang='lat' dir='ltr'>Hermannus</span> <span class='ocrx_word' id='word_1_233' title='bbox 427 3342 593 3423; x_wconf 85' lang='lat' dir='ltr'>ingeniose,</span> <span class='ocrx_word' id='word_1_234' title='bbox 614 3344 650 3401; x_wconf 79' lang='lat' dir='ltr'>ut</span> <span class='ocrx_word' id='word_1_235' title='bbox 668 3350 712 3401; x_wconf 85' lang='lat' dir='ltr'>eet</span> <span class='ocrx_word' id='word_1_236' title='bbox 727 3337 906 3414; x_wconf 84' lang='lat' dir='ltr'>Hermanni,</span> <span class='ocrx_word' id='word_1_237' title='bbox 926 3337 1054 3399; x_wconf 82' lang='lat' dir='ltr'>sancivit</span> <span class='ocrx_word' id='word_1_238' title='bbox 1069 3336 1184 3415; x_wconf 78' lang='lat' dir='ltr'>regulas</span> 
     </span>
     <span class='ocr_line' id='line_1_30' title="bbox 102 3436 1183 3523; baseline -0.002 -22"><span class='ocrx_word' id='word_1_239' title='bbox 102 3436 133 3497; x_wconf 75' lang='lat' dir='ltr'>da</span> <span class='ocrx_word' id='word_1_240' title='bbox 152 3441 227 3507; x_wconf 84' lang='lat' dir='ltr'>iamb.</span> <span class='ocrx_word' id='word_1_241' title='bbox 247 3454 425 3507; x_wconf 85' lang='lat' dir='ltr'>tetrametro</span> <span class='ocrx_word' id='word_1_242' title='bbox 442 3445 547 3507; x_wconf 86' lang='lat' dir='ltr'>acatal.</span> <span class='ocrx_word' id='word_1_243' title='bbox 571 3466 588 3503; x_wconf 85' lang='lat' dir='ltr'>a</span> <span class='ocrx_word' id='word_1_244' title='bbox 609 3442 706 3523; x_wconf 85' lang='lat' dir='ltr'>poetis</span> <span class='ocrx_word' id='word_1_245' title='bbox 728 3442 842 3501; x_wconf 83' lang='lat' dir='ltr'>Latinis</span> <span class='ocrx_word' id='word_1_246' title='bbox 861 3449 1005 3521; x_wconf 87' lang='lat' dir='ltr'>usurpato</span> <span class='ocrx_word' id='word_1_247' title='bbox 1011 3468 1032 3517; x_wconf 62' lang='lat'>,2</span> <span class='ocrx_word' id='word_1_248' title='bbox 1058 3440 1183 3515; x_wconf 86' lang='lat' dir='ltr'>easdem,</span> 
     </span>
     <span class='ocr_line' id='line_1_31' title="bbox 101 3542 1184 3631; baseline -0.006 -23"><span class='ocrx_word' id='word_1_249' title='bbox 101 3549 188 3622; x_wconf 77' lang='lat' dir='ltr'>utpote</span> <span class='ocrx_word' id='word_1_250' title='bbox 205 3569 222 3609; x_wconf 91' lang='lat' dir='ltr'>a</span> <span class='ocrx_word' id='word_1_251' title='bbox 243 3548 365 3611; x_wconf 87' lang='lat' dir='ltr'>Graecia</span> <span class='ocrx_word' id='word_1_252' title='bbox 381 3546 610 3631; x_wconf 84' lang='lat' dir='ltr'>proseminatae,</span> <span class='ocrx_word' id='word_1_253' title='bbox 638 3544 720 3627; x_wconf 87' lang='lat' dir='ltr'>apud</span> <span class='ocrx_word' id='word_1_254' title='bbox 738 3542 966 3625; x_wconf 75' lang='lat' dir='ltr'>Aristophanem</span> <span class='ocrx_word' id='word_1_255' title='bbox 991 3562 1109 3624; x_wconf 82' lang='lat' dir='ltr'>quoque</span> <span class='ocrx_word' id='word_1_256' title='bbox 1126 3560 1184 3603; x_wconf 79' lang='lat' dir='ltr'>va·</span> 
     </span>
    </p>
   </div>
   <div class='ocr_carea' id='block_1_5' title="bbox 101 3694 280 3739">
    <p class='ocr_par' dir='ltr' id='par_1_6' title="bbox 101 3694 280 3739">
     <span class='ocr_line' id='line_1_32' title="bbox 101 3694 280 3739; baseline 0.011 -2"><span class='ocrx_word' id='word_1_257' title='bbox 101 3694 280 3739; x_wconf 68' lang='lat'>·-‘....&#39;....</span> 
     </span>
    </p>
   </div>
   <div class='ocr_carea' id='block_1_6' title="bbox 126 3826 1185 4251">
    <p class='ocr_par' dir='ltr' id='par_1_7' title="bbox 126 3826 1185 4251">
     <span class='ocr_line' id='line_1_33' title="bbox 126 3826 1183 3975; baseline -0.014 -15"><span class='ocrx_word' id='word_1_258' title='bbox 126 3831 864 3975; x_wconf 39' lang='lat' dir='ltr'>qtbiiruxuiii&#39;bbirlqcuhsab‘inibrbbbigtbupifflbtfirffi</span> <span class='ocrx_word' id='word_1_259' title='bbox 879 3829 1113 3967; x_wconf 46' lang='lat' dir='ltr'>teabtfnivinbuo-d-</span> <span class='ocrx_word' id='word_1_260' title='bbox 1125 3826 1183 3946; x_wconf 64' lang='lat' dir='ltr'>rlrbb</span> 
     </span>
     <span class='ocr_line' id='line_1_34' title="bbox 165 3964 1184 4045; baseline -0.014 -16"><span class='ocrx_word' id='word_1_261' title='bbox 165 3972 209 4029; x_wconf 79' lang='lat' dir='ltr'>tn·</span> <span class='ocrx_word' id='word_1_262' title='bbox 232 3974 300 4031; x_wconf 87' lang='lat' dir='ltr'>artis</span> <span class='ocrx_word' id='word_1_263' title='bbox 325 3983 383 4038; x_wconf 88' lang='lat' dir='ltr'>eat,</span> <span class='ocrx_word' id='word_1_264' title='bbox 404 3990 487 4044; x_wconf 87' lang='lat' dir='ltr'>usque</span> <span class='ocrx_word' id='word_1_265' title='bbox 509 3971 649 4027; x_wconf 82' lang='lat' dir='ltr'>vocandum</span> <span class='ocrx_word' id='word_1_266' title='bbox 672 3986 755 4041; x_wconf 84' lang='lat' dir='ltr'>neque</span> <span class='ocrx_word' id='word_1_267' title='bbox 782 3967 1032 4021; x_wconf 76' lang='lat' dir='ltr'>animadvertendum</span> <span class='ocrx_word' id='word_1_268' title='bbox 1055 3964 1184 4045; x_wconf 76' lang='lat' dir='ltr'>putabam.</span> 
     </span>
     <span class='ocr_line' id='line_1_35' title="bbox 164 4034 1184 4107; baseline -0.02 -6"><span class='ocrx_word' id='word_1_269' title='bbox 164 4042 216 4101; x_wconf 78' lang='grc' dir='ltr'>Ηοο</span> <span class='ocrx_word' id='word_1_270' title='bbox 233 4044 305 4097; x_wconf 88' lang='lat' dir='ltr'>euim</span> <span class='ocrx_word' id='word_1_271' title='bbox 326 4042 414 4096; x_wconf 79' lang='lat' dir='ltr'>facere</span> <span class='ocrx_word' id='word_1_272' title='bbox 435 4058 486 4097; x_wconf 85' lang='lat' dir='ltr'>uon</span> <span class='ocrx_word' id='word_1_273' title='bbox 508 4042 579 4107; x_wconf 86' lang='lat' dir='ltr'>licet,</span> <span class='ocrx_word' id='word_1_274' title='bbox 603 4038 653 4093; x_wconf 86' lang='lat' dir='ltr'>nisi</span> <span class='ocrx_word' id='word_1_275' title='bbox 678 4056 711 4092; x_wconf 86' lang='lat' dir='ltr'>ex</span> <span class='ocrx_word' id='word_1_276' title='bbox 734 4036 877 4091; x_wconf 86' lang='lat' dir='ltr'>tetrametri</span> <span class='ocrx_word' id='word_1_277' title='bbox 900 4034 1022 4106; x_wconf 87' lang='lat' dir='ltr'>cuiusque</span> <span class='ocrx_word' id='word_1_278' title='bbox 1042 4041 1113 4087; x_wconf 79' lang='lat' dir='ltr'>exrnr</span> <span class='ocrx_word' id='word_1_279' title='bbox 1135 4048 1184 4100; x_wconf 89' lang='lat' dir='ltr'>ap-</span> 
     </span>
     <span class='ocr_line' id='line_1_36' title="bbox 166 4104 1185 4189; baseline -0.016 -21"><span class='ocrx_word' id='word_1_280' title='bbox 166 4123 267 4181; x_wconf 80' lang='lat' dir='ltr'>pareat,</span> <span class='ocrx_word' id='word_1_281' title='bbox 286 4112 365 4165; x_wconf 81' lang='lat' dir='ltr'>t&#39;raeur</span> <span class='ocrx_word' id='word_1_282' title='bbox 381 4110 461 4182; x_wconf 86' lang='lat' dir='ltr'>ipsius</span> <span class='ocrx_word' id='word_1_283' title='bbox 477 4128 533 4165; x_wconf 87' lang='lat' dir='ltr'>esse</span> <span class='ocrx_word' id='word_1_284' title='bbox 551 4111 624 4164; x_wconf 86' lang='lat' dir='ltr'>metri</span> <span class='ocrx_word' id='word_1_285' title='bbox 642 4112 719 4177; x_wconf 87' lang='lat' dir='ltr'>atque</span> <span class='ocrx_word' id='word_1_286' title='bbox 735 4104 847 4187; x_wconf 63' lang='lat' dir='ltr'>nauem,</span> <span class='ocrx_word' id='word_1_287' title='bbox 874 4104 984 4189; x_wconf 68' lang='lat' dir='ltr'>piusque</span> <span class='ocrx_word' id='word_1_288' title='bbox 1006 4118 1106 4158; x_wconf 78' lang='lat' dir='ltr'>cursura</span> <span class='ocrx_word' id='word_1_289' title='bbox 1122 4116 1185 4153; x_wconf 84' lang='lat' dir='ltr'>oon·</span> 
     </span>
     <span class='ocr_line' id='line_1_37' title="bbox 169 4174 980 4251; baseline -0.011 -14"><span class='ocrx_word' id='word_1_290' title='bbox 169 4180 261 4239; x_wconf 86' lang='lat' dir='ltr'>tinuari</span> <span class='ocrx_word' id='word_1_291' title='bbox 274 4198 329 4234; x_wconf 87' lang='lat' dir='ltr'>uou</span> <span class='ocrx_word' id='word_1_292' title='bbox 346 4186 437 4251; x_wconf 82' lang='lat' dir='ltr'>posse,</span> <span class='ocrx_word' id='word_1_293' title='bbox 453 4181 498 4251; x_wconf 85' lang='lat' dir='ltr'>qui</span> <span class='ocrx_word' id='word_1_294' title='bbox 515 4178 618 4251; x_wconf 77' lang='lat' dir='ltr'>quiden</span> <span class='ocrx_word' id='word_1_295' title='bbox 634 4176 799 4233; x_wconf 79' lang='lat' dir='ltr'>metiamtur</span> <span class='ocrx_word' id='word_1_296' title='bbox 814 4190 842 4227; x_wconf 89' lang='grc' dir='ltr'>ιιι</span> <span class='ocrx_word' id='word_1_297' title='bbox 858 4174 980 4230; x_wconf 65' lang='lat' dir='ltr'>damin</span> 
     </span>
    </p>
   </div>
   <div class='ocr_carea' id='block_1_7' title="bbox 121 4296 983 4467">
    <p class='ocr_par' dir='ltr' id='par_1_8' title="bbox 121 4296 983 4467">
     <span class='ocr_line' id='line_1_38' title="bbox 121 4296 893 4367; baseline 0 -12"><span class='ocrx_word' id='word_1_298' title='bbox 121 4298 152 4367; x_wconf 57' lang='lat' dir='ltr'>&#39;b</span> <span class='ocrx_word' id='word_1_299' title='bbox 164 4300 277 4355; x_wconf 76' lang='lat' dir='ltr'>Gratata.</span> <span class='ocrx_word' id='word_1_300' title='bbox 296 4300 439 4353; x_wconf 79' lang='lat' dir='ltr'>ttarnmut</span> <span class='ocrx_word' id='word_1_301' title='bbox 455 4300 580 4355; x_wconf 76' lang='lat' dir='ltr'>Etameot</span> <span class='ocrx_word' id='word_1_302' title='bbox 597 4298 680 4355; x_wconf 81' lang='lat' dir='ltr'>doctr.</span> <span class='ocrx_word' id='word_1_303' title='bbox 697 4303 772 4353; x_wconf 81' lang='lat' dir='ltr'>neu.</span> <span class='ocrx_word' id='word_1_304' title='bbox 788 4312 815 4367; x_wconf 74' lang='lat' dir='ltr'>p.</span> <span class='ocrx_word' id='word_1_305' title='bbox 833 4296 893 4355; x_wconf 80' lang='lat'>158·</span> 
     </span>
     <span class='ocr_line' id='line_1_39' title="bbox 147 4392 983 4467; baseline -0.004 -15"><span class='ocrx_word' id='word_1_306' title='bbox 147 4398 354 4452; x_wconf 71' lang='lat' dir='ltr'>mereamus</span> <span class='ocrx_word' id='word_1_307' title='bbox 374 4408 400 4445; x_wconf 86' lang='lat' dir='ltr'>e.</span> <span class='ocrx_word' id='word_1_308' title='bbox 420 4392 564 4467; x_wconf 74' lang='lat' dir='ltr'>Tauream</span> <span class='ocrx_word' id='word_1_309' title='bbox 587 4395 607 4448; x_wconf 86' lang='lat' dir='ltr'>t.</span> <span class='ocrx_word' id='word_1_310' title='bbox 965 4400 983 4438; x_wconf 79' lang='lat'><strong>0</strong></span> 
     </span>
    </p>
   </div>
   <div class='ocr_carea' id='block_1_8' title="bbox 0 0 1396 4959">
    <p class='ocr_par' dir='ltr' id='par_1_9' title="bbox 0 0 1396 4959">
     <span class='ocr_line' id='line_1_40' title="bbox 0 0 1396 4959; baseline 0 1"><span class='ocrx_word' id='word_1_311' title='bbox 0 0 1396 4959; x_wconf 95' lang='lat' dir='ltr'> </span> 
     </span>
    </p>
   </div>
  </div>
 </body>
</html>
