<?xml version="1.0" encoding="UTF-8"?>
<!DOCTYPE html PUBLIC "-//W3C//DTD XHTML 1.0 Transitional//EN"
    "http://www.w3.org/TR/xhtml1/DTD/xhtml1-transitional.dtd">
<html xmlns="http://www.w3.org/1999/xhtml" xml:lang="en" lang="en">
 <head>
  <title>
</title>
<meta http-equiv="Content-Type" content="text/html;charset=utf-8" />
  <meta name='ocr-system' content='tesseract 3.04.00' />
  <meta name='ocr-capabilities' content='ocr_page ocr_carea ocr_par ocr_line ocrx_word'/>
</head>
<body>
  <div class='ocr_page' id='page_1' title='image "aristophanisplu00thiegoog_0417.png"; bbox 0 0 2784 4959; ppageno 0'>
   <div class='ocr_carea' id='block_1_1' title="bbox 241 419 1169 500">
    <p class='ocr_par' dir='ltr' id='par_1_1' title="bbox 241 419 1169 500">
     <span class='ocr_line' id='line_1_1' title="bbox 241 419 1169 500; baseline -0.002 -2"><span class='ocrx_word' id='word_1_1' title='bbox 241 423 314 498; x_wconf 81' lang='lat' dir='ltr'><strong>DE</strong></span> <span class='ocrx_word' id='word_1_2' title='bbox 340 419 790 500; x_wconf 80' lang='lat' dir='ltr'><strong>ARISTOPHANIS</strong></span> <span class='ocrx_word' id='word_1_3' title='bbox 817 419 971 496; x_wconf 78' lang='lat' dir='ltr'><strong>VITA.</strong></span> <span class='ocrx_word' id='word_1_4' title='bbox 1055 427 1169 496; x_wconf 70' lang='lat' dir='ltr'><strong>cursu</strong></span> 
     </span>
    </p>
   </div>
   <div class='ocr_carea' id='block_1_2' title="bbox 63 607 1239 3464">
    <p class='ocr_par' dir='ltr' id='par_1_2' title="bbox 63 607 1174 1410">
     <span class='ocr_line' id='line_1_2' title="bbox 63 607 1174 689; baseline -0.005 -13"><span class='ocrx_word' id='word_1_5' title='bbox 63 617 101 676; x_wconf 89' lang='lat' dir='ltr'><strong>nis</strong></span> <span class='ocrx_word' id='word_1_6' title='bbox 121 614 307 678; x_wconf 73' lang='lat' dir='ltr'><strong>susumus</strong></span> <span class='ocrx_word' id='word_1_7' title='bbox 330 621 477 676; x_wconf 83' lang='lat' dir='ltr'><strong>recenset.</strong></span> <span class='ocrx_word' id='word_1_8' title='bbox 518 612 669 672; x_wconf 79' lang='lat' dir='ltr'><strong>letemus</strong></span> <span class='ocrx_word' id='word_1_9' title='bbox 699 631 760 672; x_wconf 84' lang='lat' dir='ltr'><strong>non</strong></span> <span class='ocrx_word' id='word_1_10' title='bbox 781 611 902 672; x_wconf 74' lang='lat' dir='ltr'><strong>sidetem</strong></span> <span class='ocrx_word' id='word_1_11' title='bbox 923 629 993 670; x_wconf 88' lang='lat' dir='ltr'><strong>eum</strong></span> <span class='ocrx_word' id='word_1_12' title='bbox 1014 607 1174 689; x_wconf 76' lang='lat' dir='ltr'><strong>Equitium</strong></span> 
     </span>
     <span class='ocr_line' id='line_1_3' title="bbox 64 693 1174 800; baseline -0.005 -22"><span class='ocrx_word' id='word_1_13' title='bbox 64 693 334 800; x_wconf 65' lang='lat' dir='ltr'><strong>eoupmsi&#39;posss.</strong></span> <span class='ocrx_word' id='word_1_14' title='bbox 375 716 481 796; x_wconf 82' lang='lat' dir='ltr'><strong>Neque</strong></span> <span class='ocrx_word' id='word_1_15' title='bbox 510 713 586 774; x_wconf 83' lang='lat' dir='ltr'><strong>cuim</strong></span> <span class='ocrx_word' id='word_1_16' title='bbox 615 713 680 776; x_wconf 83' lang='lat' dir='ltr'><strong>sine</strong></span> <span class='ocrx_word' id='word_1_17' title='bbox 707 713 848 776; x_wconf 85' lang='lat' dir='ltr'><strong>mercede</strong></span> <span class='ocrx_word' id='word_1_18' title='bbox 875 712 947 774; x_wconf 83' lang='lat' dir='ltr'><strong>belli</strong></span> <span class='ocrx_word' id='word_1_19' title='bbox 967 708 1045 788; x_wconf 83' lang='lat' dir='ltr'><strong>dux,</strong></span> <span class='ocrx_word' id='word_1_20' title='bbox 1076 731 1174 790; x_wconf 88' lang='lat' dir='ltr'><strong>neque</strong></span> 
     </span>
     <span class='ocr_line' id='line_1_4' title="bbox 63 814 1173 899; baseline -0.002 -21"><span class='ocrx_word' id='word_1_21' title='bbox 63 821 131 898; x_wconf 82' lang='lat' dir='ltr'><strong>pacis</strong></span> <span class='ocrx_word' id='word_1_22' title='bbox 150 819 277 899; x_wconf 82' lang='lat' dir='ltr'><strong>cupidus</strong></span> <span class='ocrx_word' id='word_1_23' title='bbox 307 817 375 880; x_wconf 79' lang='lat' dir='ltr'><strong>suit.</strong></span> <span class='ocrx_word' id='word_1_24' title='bbox 418 816 545 880; x_wconf 79' lang='lat' dir='ltr'><strong>Accedit</strong></span> <span class='ocrx_word' id='word_1_25' title='bbox 574 816 656 896; x_wconf 88' lang='lat' dir='ltr'><strong>quod</strong></span> <span class='ocrx_word' id='word_1_26' title='bbox 682 828 805 896; x_wconf 71' lang='lat' dir='ltr'><strong>praeter</strong></span> <span class='ocrx_word' id='word_1_27' title='bbox 832 815 913 876; x_wconf 84' lang='lat' dir='ltr'><strong>hsnc</strong></span> <span class='ocrx_word' id='word_1_28' title='bbox 938 814 1071 877; x_wconf 80' lang='lat' dir='ltr'><strong>fsbulem</strong></span> <span class='ocrx_word' id='word_1_29' title='bbox 1097 835 1173 876; x_wconf 77' lang='lat' dir='ltr'><strong>uuo-</strong></span> 
     </span>
     <span class='ocr_line' id='line_1_5' title="bbox 65 919 1172 1000; baseline -0.003 -20"><span class='ocrx_word' id='word_1_30' title='bbox 65 942 137 1000; x_wconf 85' lang='lat' dir='ltr'><strong>qusm</strong></span> <span class='ocrx_word' id='word_1_31' title='bbox 163 929 433 998; x_wconf 80' lang='lat' dir='ltr'><strong>commemoretur,</strong></span> <span class='ocrx_word' id='word_1_32' title='bbox 465 929 502 980; x_wconf 87' lang='lat' dir='ltr'><strong>ut</strong></span> <span class='ocrx_word' id='word_1_33' title='bbox 531 940 599 980; x_wconf 88' lang='lat' dir='ltr'><strong>eum</strong></span> <span class='ocrx_word' id='word_1_34' title='bbox 626 929 754 1000; x_wconf 86' lang='lat' dir='ltr'><strong>propter</strong></span> <span class='ocrx_word' id='word_1_35' title='bbox 775 921 882 1000; x_wconf 82' lang='lat' dir='ltr'><strong>Pylum</strong></span> <span class='ocrx_word' id='word_1_36' title='bbox 909 929 1110 1000; x_wconf 73' lang='lat' dir='ltr'><strong>oppugnatum</strong></span> <span class='ocrx_word' id='word_1_37' title='bbox 1140 919 1172 978; x_wconf 90' lang='lat' dir='ltr'><strong>in</strong></span> 
     </span>
     <span class='ocr_line' id='line_1_6' title="bbox 64 1021 1174 1104; baseline 0 -22"><span class='ocrx_word' id='word_1_38' title='bbox 64 1023 109 1083; x_wconf 88' lang='lat' dir='ltr'><strong>hsc</strong></span> <span class='ocrx_word' id='word_1_39' title='bbox 125 1024 222 1084; x_wconf 80' lang='lat' dir='ltr'><strong>fobuis</strong></span> <span class='ocrx_word' id='word_1_40' title='bbox 241 1023 446 1104; x_wconf 81' lang='lat' dir='ltr'><strong>produxisse,</strong></span> <span class='ocrx_word' id='word_1_41' title='bbox 475 1029 608 1082; x_wconf 84' lang='lat' dir='ltr'><strong>ceterum</strong></span> <span class='ocrx_word' id='word_1_42' title='bbox 629 1021 706 1083; x_wconf 86' lang='lat' dir='ltr'><strong>nihil</strong></span> <span class='ocrx_word' id='word_1_43' title='bbox 734 1024 834 1102; x_wconf 79' lang='lat' dir='ltr'><strong>megui</strong></span> <span class='ocrx_word' id='word_1_44' title='bbox 863 1023 901 1084; x_wconf 90' lang='lat' dir='ltr'><strong>de</strong></span> <span class='ocrx_word' id='word_1_45' title='bbox 927 1041 963 1081; x_wconf 84' lang='lat' dir='ltr'><strong>co</strong></span> <span class='ocrx_word' id='word_1_46' title='bbox 986 1030 1174 1100; x_wconf 78' lang='lat' dir='ltr'><strong>exspectem</strong></span> 
     </span>
     <span class='ocr_line' id='line_1_7' title="bbox 64 1123 1172 1206; baseline 0.003 -22"><span class='ocrx_word' id='word_1_47' title='bbox 64 1123 191 1188; x_wconf 74' lang='lat' dir='ltr'><strong>videntur.</strong></span> <span class='ocrx_word' id='word_1_48' title='bbox 240 1125 339 1186; x_wconf 83' lang='lat' dir='ltr'><strong>Multo</strong></span> <span class='ocrx_word' id='word_1_49' title='bbox 373 1124 467 1202; x_wconf 69' lang='lat' dir='ltr'><strong>megia</strong></span> <span class='ocrx_word' id='word_1_50' title='bbox 499 1135 656 1206; x_wconf 80' lang='lat' dir='ltr'><strong>receptum</strong></span> <span class='ocrx_word' id='word_1_51' title='bbox 690 1133 801 1206; x_wconf 67' lang='lat' dir='ltr'><strong>poetro</strong></span> <span class='ocrx_word' id='word_1_52' title='bbox 827 1134 932 1188; x_wconf 72' lang='lat' dir='ltr'><strong>nostin</strong></span> <span class='ocrx_word' id='word_1_53' title='bbox 960 1123 1172 1187; x_wconf 73' lang='lat' dir='ltr'><strong>Phormionem</strong></span> 
     </span>
     <span class='ocr_line' id='line_1_8' title="bbox 64 1227 1173 1310; baseline 0.004 -25"><span class='ocrx_word' id='word_1_54' title='bbox 64 1227 152 1303; x_wconf 84' lang='lat' dir='ltr'><strong>fuisse,</strong></span> <span class='ocrx_word' id='word_1_55' title='bbox 180 1227 217 1288; x_wconf 88' lang='lat' dir='ltr'><strong>de</strong></span> <span class='ocrx_word' id='word_1_56' title='bbox 241 1247 304 1308; x_wconf 82' lang='lat' dir='ltr'><strong>qua</strong></span> <span class='ocrx_word' id='word_1_57' title='bbox 325 1248 359 1290; x_wconf 91' lang='lat' dir='ltr'><strong>re</strong></span> <span class='ocrx_word' id='word_1_58' title='bbox 380 1227 440 1300; x_wconf 77' lang='lat' dir='ltr'><strong>ism</strong></span> <span class='ocrx_word' id='word_1_59' title='bbox 461 1227 532 1288; x_wconf 79' lang='lat' dir='ltr'><strong>olibi</strong></span> <span class='ocrx_word' id='word_1_60' title='bbox 554 1228 697 1310; x_wconf 82' lang='lat' dir='ltr'><strong>exposui,</strong></span> <span class='ocrx_word' id='word_1_61' title='bbox 724 1237 828 1291; x_wconf 79' lang='lat' dir='ltr'><strong>nosos</strong></span> <span class='ocrx_word' id='word_1_62' title='bbox 854 1227 1082 1306; x_wconf 71' lang='lat' dir='ltr'><strong>decertatus,</strong></span> <span class='ocrx_word' id='word_1_63' title='bbox 1112 1246 1173 1307; x_wconf 84' lang='lat' dir='ltr'><strong>que</strong></span> 
     </span>
     <span class='ocr_line' id='line_1_9' title="bbox 66 1327 657 1410; baseline 0.012 -23"><span class='ocrx_word' id='word_1_64' title='bbox 66 1327 200 1408; x_wconf 77' lang='lat' dir='ltr'><strong>Neptunus</strong></span> <span class='ocrx_word' id='word_1_65' title='bbox 222 1332 249 1392; x_wconf 90' lang='lat' dir='ltr'><strong>ei</strong></span> <span class='ocrx_word' id='word_1_66' title='bbox 273 1329 471 1393; x_wconf 73' lang='lat' dir='ltr'><strong>amicissimus</strong></span> <span class='ocrx_word' id='word_1_67' title='bbox 495 1330 657 1410; x_wconf 72' lang='lat' dir='ltr'><strong>dicitur⁵).</strong></span> 
     </span>
    </p>

    <p class='ocr_par' dir='ltr' id='par_1_3' title="bbox 66 1432 1239 3464">
     <span class='ocr_line' id='line_1_10' title="bbox 132 1432 1239 1516; baseline 0.004 -24"><span class='ocrx_word' id='word_1_68' title='bbox 132 1432 286 1494; x_wconf 78' lang='lat' dir='ltr'><strong>Praetores</strong></span> <span class='ocrx_word' id='word_1_69' title='bbox 317 1435 360 1496; x_wconf 85' lang='lat' dir='ltr'><strong>dc</strong></span> <span class='ocrx_word' id='word_1_70' title='bbox 385 1453 447 1496; x_wconf 84' lang='lat' dir='ltr'><strong>uuo</strong></span> <span class='ocrx_word' id='word_1_71' title='bbox 475 1433 684 1496; x_wconf 69' lang='lat' dir='ltr'><strong>tantummodo</strong></span> <span class='ocrx_word' id='word_1_72' title='bbox 706 1454 858 1516; x_wconf 86' lang='lat' dir='ltr'><strong>exponere</strong></span> <span class='ocrx_word' id='word_1_73' title='bbox 878 1456 973 1498; x_wconf 80' lang='lat' dir='ltr'><strong>mecm</strong></span> <span class='ocrx_word' id='word_1_74' title='bbox 995 1433 1173 1497; x_wconf 71' lang='lat' dir='ltr'><strong>tentantium</strong></span> <span class='ocrx_word' id='word_1_75' title='bbox 1236 1461 1239 1464; x_wconf 47' lang='lat'><strong>⁴</strong></span> 
     </span>
     <span class='ocr_line' id='line_1_11' title="bbox 66 1532 1172 1618; baseline 0.008 -28"><span class='ocrx_word' id='word_1_76' title='bbox 66 1532 140 1610; x_wconf 78' lang='lat' dir='ltr'><strong>solo,</strong></span> <span class='ocrx_word' id='word_1_77' title='bbox 163 1534 199 1604; x_wconf 79' lang='lat' dir='ltr'><strong>de</strong></span> <span class='ocrx_word' id='word_1_78' title='bbox 226 1536 329 1610; x_wconf 79' lang='lat' dir='ltr'><strong>Nicis3</strong></span> <span class='ocrx_word' id='word_1_79' title='bbox 357 1537 411 1615; x_wconf 87' lang='lat' dir='ltr'><strong>qui</strong></span> <span class='ocrx_word' id='word_1_80' title='bbox 440 1535 477 1596; x_wconf 87' lang='lat' dir='ltr'><strong>sb</strong></span> <span class='ocrx_word' id='word_1_81' title='bbox 505 1536 591 1596; x_wconf 89' lang='lat' dir='ltr'><strong>initio</strong></span> <span class='ocrx_word' id='word_1_82' title='bbox 620 1535 740 1598; x_wconf 70' lang='lat' dir='ltr'><strong>fabulae</strong></span> <span class='ocrx_word' id='word_1_83' title='bbox 768 1548 913 1618; x_wconf 74' lang='lat' dir='ltr'><strong>torquem</strong></span> <span class='ocrx_word' id='word_1_84' title='bbox 934 1538 1056 1603; x_wconf 78' lang='lat' dir='ltr'><strong>Cleonis</strong></span> <span class='ocrx_word' id='word_1_85' title='bbox 1075 1536 1172 1600; x_wconf 79' lang='lat' dir='ltr'><strong>hostie</strong></span> 
     </span>
     <span class='ocr_line' id='line_1_12' title="bbox 67 1634 1172 1722; baseline 0.01 -31"><span class='ocrx_word' id='word_1_86' title='bbox 67 1634 158 1710; x_wconf 84' lang='lat' dir='ltr'><strong>prodit.</strong></span> <span class='ocrx_word' id='word_1_87' title='bbox 200 1637 306 1718; x_wconf 78' lang='lat' dir='ltr'><strong>Atque</strong></span> <span class='ocrx_word' id='word_1_88' title='bbox 335 1659 372 1700; x_wconf 79' lang='lat' dir='ltr'><strong>ex</strong></span> <span class='ocrx_word' id='word_1_89' title='bbox 399 1638 467 1719; x_wconf 85' lang='lat' dir='ltr'><strong>ipso</strong></span> <span class='ocrx_word' id='word_1_90' title='bbox 494 1637 675 1720; x_wconf 80' lang='lat' dir='ltr'><strong>Thucydide</strong></span> <span class='ocrx_word' id='word_1_91' title='bbox 702 1639 860 1718; x_wconf 86' lang='lat' dir='ltr'><strong>discimus,</strong></span> <span class='ocrx_word' id='word_1_92' title='bbox 890 1662 951 1722; x_wconf 80' lang='lat' dir='ltr'><strong>quo</strong></span> <span class='ocrx_word' id='word_1_93' title='bbox 979 1640 1072 1702; x_wconf 88' lang='lat' dir='ltr'><strong>modo</strong></span> <span class='ocrx_word' id='word_1_94' title='bbox 1098 1641 1172 1702; x_wconf 85' lang='lat' dir='ltr'><strong>Cleo</strong></span> 
     </span>
     <span class='ocr_line' id='line_1_13' title="bbox 69 1733 1171 1824; baseline 0.011 -32"><span class='ocrx_word' id='word_1_95' title='bbox 69 1733 152 1796; x_wconf 79' lang='lat' dir='ltr'><strong>Niciae</strong></span> <span class='ocrx_word' id='word_1_96' title='bbox 173 1739 319 1802; x_wconf 74' lang='lat' dir='ltr'><strong>invidiam</strong></span> <span class='ocrx_word' id='word_1_97' title='bbox 351 1743 484 1802; x_wconf 77' lang='lat' dir='ltr'><strong>excitare</strong></span> <span class='ocrx_word' id='word_1_98' title='bbox 513 1739 722 1819; x_wconf 66' lang='lat' dir='ltr'><strong>studuerint).</strong></span> <span class='ocrx_word' id='word_1_99' title='bbox 772 1745 865 1805; x_wconf 85' lang='lat' dir='ltr'><strong>Nemo</strong></span> <span class='ocrx_word' id='word_1_100' title='bbox 896 1743 1035 1805; x_wconf 78' lang='lat' dir='ltr'><strong>dubitare</strong></span> <span class='ocrx_word' id='word_1_101' title='bbox 1061 1753 1171 1824; x_wconf 81' lang='lat' dir='ltr'><strong>potest,</strong></span> 
     </span>
     <span class='ocr_line' id='line_1_14' title="bbox 69 1836 1172 1928; baseline 0.011 -32"><span class='ocrx_word' id='word_1_102' title='bbox 69 1836 126 1912; x_wconf 84' lang='lat' dir='ltr'><strong>quic</strong></span> <span class='ocrx_word' id='word_1_103' title='bbox 143 1839 235 1902; x_wconf 75' lang='lat' dir='ltr'><strong>Nicias</strong></span> <span class='ocrx_word' id='word_1_104' title='bbox 257 1843 381 1924; x_wconf 88' lang='lat' dir='ltr'><strong>optimis</strong></span> <span class='ocrx_word' id='word_1_105' title='bbox 402 1844 484 1905; x_wconf 80' lang='lat' dir='ltr'><strong>illius</strong></span> <span class='ocrx_word' id='word_1_106' title='bbox 505 1846 610 1908; x_wconf 77' lang='lat' dir='ltr'><strong>estatis</strong></span> <span class='ocrx_word' id='word_1_107' title='bbox 629 1845 880 1920; x_wconf 76' lang='lat' dir='ltr'><strong>Atheniensibus,</strong></span> <span class='ocrx_word' id='word_1_108' title='bbox 906 1848 933 1905; x_wconf 89' lang='lat' dir='ltr'><strong>si</strong></span> <span class='ocrx_word' id='word_1_109' title='bbox 953 1867 1015 1906; x_wconf 85' lang='lat' dir='ltr'><strong>uon</strong></span> <span class='ocrx_word' id='word_1_110' title='bbox 1035 1847 1172 1928; x_wconf 77' lang='lat' dir='ltr'><strong>precicu-</strong></span> 
     </span>
     <span class='ocr_line' id='line_1_15' title="bbox 70 1939 1172 2028; baseline 0.011 -28"><span class='ocrx_word' id='word_1_111' title='bbox 70 1939 101 2012; x_wconf 75' lang='grc' dir='ltr'><strong>π’,</strong></span> <span class='ocrx_word' id='word_1_112' title='bbox 128 1945 312 2026; x_wconf 71' lang='lat' dir='ltr'><strong>aequiparari</strong></span> <span class='ocrx_word' id='word_1_113' title='bbox 340 1957 422 2008; x_wconf 83' lang='lat' dir='ltr'><strong>certe</strong></span> <span class='ocrx_word' id='word_1_114' title='bbox 452 1945 569 2008; x_wconf 82' lang='lat' dir='ltr'><strong>debest.</strong></span> <span class='ocrx_word' id='word_1_115' title='bbox 620 1949 675 2008; x_wconf 87' lang='lat' dir='ltr'><strong>Est</strong></span> <span class='ocrx_word' id='word_1_116' title='bbox 701 1948 780 2010; x_wconf 87' lang='lat' dir='ltr'><strong>cuim</strong></span> <span class='ocrx_word' id='word_1_117' title='bbox 813 1950 850 2011; x_wconf 83' lang='lat' dir='ltr'><strong>rb</strong></span> <span class='ocrx_word' id='word_1_118' title='bbox 881 1951 1003 2028; x_wconf 85' lang='lat' dir='ltr'><strong>optimis</strong></span> <span class='ocrx_word' id='word_1_119' title='bbox 1031 1950 1172 2012; x_wconf 80' lang='lat' dir='ltr'><strong>lsudstus</strong></span> 
     </span>
     <span class='ocr_line' id='line_1_16' title="bbox 70 2043 1172 2133; baseline 0.009 -31"><span class='ocrx_word' id='word_1_120' title='bbox 70 2043 180 2122; x_wconf 74' lang='lat' dir='ltr'><strong>perime,</strong></span> <span class='ocrx_word' id='word_1_121' title='bbox 202 2051 319 2131; x_wconf 87' lang='lat' dir='ltr'><strong>quippo</strong></span> <span class='ocrx_word' id='word_1_122' title='bbox 342 2069 431 2130; x_wconf 89' lang='lat' dir='ltr'><strong>quem</strong></span> <span class='ocrx_word' id='word_1_123' title='bbox 452 2069 557 2127; x_wconf 79' lang='lat' dir='ltr'><strong>megns</strong></span> <span class='ocrx_word' id='word_1_124' title='bbox 581 2051 671 2112; x_wconf 79' lang='lat' dir='ltr'><strong>leude</strong></span> <span class='ocrx_word' id='word_1_125' title='bbox 692 2051 856 2113; x_wconf 73' lang='lat' dir='ltr'><strong>celebravit</strong></span> <span class='ocrx_word' id='word_1_126' title='bbox 870 2051 1065 2132; x_wconf 79' lang='lat' dir='ltr'><strong>Thucydiden</strong></span> <span class='ocrx_word' id='word_1_127' title='bbox 1076 2051 1118 2133; x_wconf 81' lang='lat'><strong>⁷),</strong></span> <span class='ocrx_word' id='word_1_128' title='bbox 1141 2063 1172 2113; x_wconf 86' lang='lat' dir='ltr'><strong>st</strong></span> 
     </span>
     <span class='ocr_line' id='line_1_17' title="bbox 71 2141 1171 2235; baseline 0.012 -31"><span class='ocrx_word' id='word_1_129' title='bbox 71 2141 217 2210; x_wconf 73' lang='lat' dir='ltr'><strong>Aristoteles</strong></span> <span class='ocrx_word' id='word_1_130' title='bbox 227 2151 255 2235; x_wconf 74' lang='grc'><strong>8)</strong></span> <span class='ocrx_word' id='word_1_131' title='bbox 278 2152 428 2234; x_wconf 82' lang='lat' dir='ltr'><strong>optimum</strong></span> <span class='ocrx_word' id='word_1_132' title='bbox 452 2152 549 2214; x_wconf 82' lang='lat' dir='ltr'><strong>civem</strong></span> <span class='ocrx_word' id='word_1_133' title='bbox 571 2152 664 2214; x_wconf 80' lang='lat' dir='ltr'><strong>fuisse</strong></span> <span class='ocrx_word' id='word_1_134' title='bbox 685 2153 842 2215; x_wconf 71' lang='lat' dir='ltr'><strong>iudicavit.</strong></span> <span class='ocrx_word' id='word_1_135' title='bbox 883 2155 996 2215; x_wconf 80' lang='lat' dir='ltr'><strong>Temen</strong></span> <span class='ocrx_word' id='word_1_136' title='bbox 1018 2175 1080 2216; x_wconf 88' lang='lat' dir='ltr'><strong>nou</strong></span> <span class='ocrx_word' id='word_1_137' title='bbox 1100 2175 1171 2217; x_wconf 81' lang='lat' dir='ltr'><strong>uero</strong></span> 
     </span>
     <span class='ocr_line' id='line_1_18' title="bbox 71 2251 1172 2337; baseline 0.01 -31"><span class='ocrx_word' id='word_1_138' title='bbox 71 2257 96 2305; x_wconf 88' lang='lat' dir='ltr'><strong>ut</strong></span> <span class='ocrx_word' id='word_1_139' title='bbox 111 2251 181 2330; x_wconf 79' lang='lat' dir='ltr'><strong>apud</strong></span> <span class='ocrx_word' id='word_1_140' title='bbox 200 2254 274 2316; x_wconf 83' lang='lat' dir='ltr'><strong>elios</strong></span> <span class='ocrx_word' id='word_1_141' title='bbox 300 2253 449 2331; x_wconf 79' lang='lat' dir='ltr'><strong>Comicus,</strong></span> <span class='ocrx_word' id='word_1_142' title='bbox 476 2254 520 2315; x_wconf 82' lang='lat' dir='ltr'><strong>itu</strong></span> <span class='ocrx_word' id='word_1_143' title='bbox 540 2254 621 2336; x_wconf 75' lang='lat' dir='ltr'><strong>apud</strong></span> <span class='ocrx_word' id='word_1_144' title='bbox 643 2265 779 2317; x_wconf 69' lang='lat' dir='ltr'><strong>nocuum</strong></span> <span class='ocrx_word' id='word_1_145' title='bbox 805 2256 951 2318; x_wconf 85' lang='lat' dir='ltr'><strong>irridetur</strong></span> <span class='ocrx_word' id='word_1_146' title='bbox 972 2265 1005 2318; x_wconf 83' lang='lat' dir='ltr'><strong>et</strong></span> <span class='ocrx_word' id='word_1_147' title='bbox 1024 2258 1172 2337; x_wconf 86' lang='lat' dir='ltr'><strong>perstriu-</strong></span> 
     </span>
     <span class='ocr_line' id='line_1_19' title="bbox 71 2348 1170 2439; baseline 0.01 -29"><span class='ocrx_word' id='word_1_148' title='bbox 71 2348 139 2423; x_wconf 72' lang='lat' dir='ltr'><strong>giiur.</strong></span> <span class='ocrx_word' id='word_1_149' title='bbox 175 2353 219 2416; x_wconf 80' lang='lat' dir='ltr'><strong>Its</strong></span> <span class='ocrx_word' id='word_1_150' title='bbox 245 2367 352 2419; x_wconf 80' lang='lat' dir='ltr'><strong>nostre</strong></span> <span class='ocrx_word' id='word_1_151' title='bbox 380 2356 413 2418; x_wconf 87' lang='lat' dir='ltr'><strong>iu</strong></span> <span class='ocrx_word' id='word_1_152' title='bbox 440 2357 543 2418; x_wconf 76' lang='lat' dir='ltr'><strong>fabule</strong></span> <span class='ocrx_word' id='word_1_153' title='bbox 571 2365 701 2436; x_wconf 86' lang='lat' dir='ltr'><strong>propter</strong></span> <span class='ocrx_word' id='word_1_154' title='bbox 725 2357 847 2421; x_wconf 76' lang='lat' dir='ltr'><strong>nimium</strong></span> <span class='ocrx_word' id='word_1_155' title='bbox 869 2357 1058 2420; x_wconf 73' lang='lat' dir='ltr'><strong>emittentem</strong></span> <span class='ocrx_word' id='word_1_156' title='bbox 1065 2402 1076 2434; x_wconf 88' lang='lat'><em>,</em></span> <span class='ocrx_word' id='word_1_157' title='bbox 1110 2379 1170 2439; x_wconf 77' lang='lat' dir='ltr'><strong>qm</strong></span> 
     </span>
     <span class='ocr_line' id='line_1_20' title="bbox 71 2455 1171 2541; baseline 0.012 -28"><span class='ocrx_word' id='word_1_158' title='bbox 71 2455 296 2522; x_wconf 68' lang='lat' dir='ltr'><strong>consectaneis</strong></span> <span class='ocrx_word' id='word_1_159' title='bbox 326 2467 451 2519; x_wconf 84' lang='lat' dir='ltr'><strong>constes</strong></span> <span class='ocrx_word' id='word_1_160' title='bbox 482 2469 512 2520; x_wconf 90' lang='lat' dir='ltr'><strong>et</strong></span> <span class='ocrx_word' id='word_1_161' title='bbox 540 2457 764 2522; x_wconf 80' lang='lat' dir='ltr'><strong>criminationes</strong></span> <span class='ocrx_word' id='word_1_162' title='bbox 793 2481 855 2525; x_wconf 87' lang='lat' dir='ltr'><strong>nou</strong></span> <span class='ocrx_word' id='word_1_163' title='bbox 883 2461 1005 2524; x_wconf 77' lang='lat' dir='ltr'><strong>sortiter</strong></span> <span class='ocrx_word' id='word_1_164' title='bbox 1035 2479 1171 2541; x_wconf 67' lang='lat' dir='ltr'><strong>pugnare</strong></span> 
     </span>
     <span class='ocr_line' id='line_1_21' title="bbox 71 2552 1170 2645; baseline 0.018 -38"><span class='ocrx_word' id='word_1_165' title='bbox 71 2552 133 2632; x_wconf 73' lang='lat' dir='ltr'><strong>vult,</strong></span> <span class='ocrx_word' id='word_1_166' title='bbox 159 2559 208 2619; x_wconf 86' lang='lat' dir='ltr'><strong>ssd</strong></span> <span class='ocrx_word' id='word_1_167' title='bbox 236 2563 328 2642; x_wconf 72' lang='lat' dir='ltr'><strong>fugae</strong></span> <span class='ocrx_word' id='word_1_168' title='bbox 350 2583 382 2623; x_wconf 90' lang='lat' dir='ltr'><strong>se</strong></span> <span class='ocrx_word' id='word_1_169' title='bbox 404 2561 527 2624; x_wconf 84' lang='lat' dir='ltr'><strong>credere</strong></span> <span class='ocrx_word' id='word_1_170' title='bbox 550 2573 603 2622; x_wconf 84' lang='lat' dir='ltr'><strong>eut</strong></span> <span class='ocrx_word' id='word_1_171' title='bbox 623 2570 752 2622; x_wconf 88' lang='lat' dir='ltr'><strong>mortem</strong></span> <span class='ocrx_word' id='word_1_172' title='bbox 774 2573 918 2645; x_wconf 87' lang='lat' dir='ltr'><strong>oppetere</strong></span> <span class='ocrx_word' id='word_1_173' title='bbox 932 2559 970 2642; x_wconf 78' lang='lat'><strong>⁹).</strong></span> <span class='ocrx_word' id='word_1_174' title='bbox 1014 2563 1088 2626; x_wconf 83' lang='lat' dir='ltr'><strong>Esus</strong></span> <span class='ocrx_word' id='word_1_175' title='bbox 1109 2585 1170 2627; x_wconf 88' lang='lat' dir='ltr'><strong>uon</strong></span> 
     </span>
     <span class='ocr_line' id='line_1_22' title="bbox 71 2649 1170 2748; baseline 0.02 -40"><span class='ocrx_word' id='word_1_176' title='bbox 71 2649 155 2718; x_wconf 85' lang='lat' dir='ltr'><strong>iniuste</strong></span> <span class='ocrx_word' id='word_1_177' title='bbox 168 2661 193 2722; x_wconf 86' lang='lat' dir='ltr'><strong>si</strong></span> <span class='ocrx_word' id='word_1_178' title='bbox 208 2664 402 2748; x_wconf 77' lang='lat' dir='ltr'><strong>exprobrari,</strong></span> <span class='ocrx_word' id='word_1_179' title='bbox 425 2685 464 2726; x_wconf 88' lang='lat' dir='ltr'><strong>ex</strong></span> <span class='ocrx_word' id='word_1_180' title='bbox 476 2665 545 2746; x_wconf 86' lang='lat' dir='ltr'><strong>ipso</strong></span> <span class='ocrx_word' id='word_1_181' title='bbox 553 2663 744 2745; x_wconf 83' lang='lat' dir='ltr'><strong>Thucydide,</strong></span> <span class='ocrx_word' id='word_1_182' title='bbox 760 2665 812 2746; x_wconf 87' lang='lat' dir='ltr'><strong>qui</strong></span> <span class='ocrx_word' id='word_1_183' title='bbox 827 2667 890 2727; x_wconf 89' lang='lat' dir='ltr'><strong>eius</strong></span> <span class='ocrx_word' id='word_1_184' title='bbox 906 2665 1011 2746; x_wconf 81' lang='lat' dir='ltr'><strong>egendi</strong></span> <span class='ocrx_word' id='word_1_185' title='bbox 1022 2668 1170 2730; x_wconf 80' lang='lat' dir='ltr'><strong>ustionem</strong></span> 
     </span>
     <span class='ocr_line' id='line_1_23' title="bbox 74 2751 1170 2852; baseline 0.02 -40"><span class='ocrx_word' id='word_1_186' title='bbox 74 2751 210 2840; x_wconf 74' lang='lat' dir='ltr'><strong>descripsit,</strong></span> <span class='ocrx_word' id='word_1_187' title='bbox 230 2766 439 2846; x_wconf 77' lang='lat' dir='ltr'><strong>intelligimus.</strong></span> <span class='ocrx_word' id='word_1_188' title='bbox 471 2767 672 2843; x_wconf 75' lang='lat' dir='ltr'><strong>Quamobrem</strong></span> <span class='ocrx_word' id='word_1_189' title='bbox 694 2767 914 2852; x_wconf 72' lang='lat' dir='ltr'><strong>Aristophanes</strong></span> <span class='ocrx_word' id='word_1_190' title='bbox 935 2768 1170 2850; x_wconf 69' lang='lat' dir='ltr'><strong>ubidgorsoriti</strong></span> 
     </span>
     <span class='ocr_line' id='line_1_24' title="bbox 74 2858 1210 2954; baseline 0.022 -42"><span class='ocrx_word' id='word_1_191' title='bbox 74 2858 147 2920; x_wconf 86' lang='lat' dir='ltr'><strong>socios</strong></span> <span class='ocrx_word' id='word_1_192' title='bbox 166 2879 328 2946; x_wconf 73' lang='lat' dir='ltr'><strong>enumerat,</strong></span> <span class='ocrx_word' id='word_1_193' title='bbox 352 2891 418 2932; x_wconf 89' lang='lat' dir='ltr'><strong>eum</strong></span> <span class='ocrx_word' id='word_1_194' title='bbox 441 2869 596 2932; x_wconf 77' lang='lat' dir='ltr'><strong>nominare</strong></span> <span class='ocrx_word' id='word_1_195' title='bbox 616 2890 678 2931; x_wconf 88' lang='lat' dir='ltr'><strong>uon</strong></span> <span class='ocrx_word' id='word_1_196' title='bbox 700 2871 809 2954; x_wconf 92' lang='lat' dir='ltr'><strong>potuit.</strong></span> <span class='ocrx_word' id='word_1_197' title='bbox 832 2871 885 2933; x_wconf 84' lang='lat' dir='ltr'><strong>Est</strong></span> <span class='ocrx_word' id='word_1_198' title='bbox 898 2871 1002 2954; x_wconf 88' lang='lat' dir='ltr'><strong>potius</strong></span> <span class='ocrx_word' id='word_1_199' title='bbox 1018 2871 1054 2934; x_wconf 88' lang='lat' dir='ltr'><strong>iis</strong></span> <span class='ocrx_word' id='word_1_200' title='bbox 1076 2894 1172 2936; x_wconf 84' lang='lat' dir='ltr'><strong>nunu·</strong></span> <span class='ocrx_word' id='word_1_201' title='bbox 1204 2891 1210 2898; x_wconf 84' lang='lat'>·</span> 
     </span>
     <span class='ocr_line' id='line_1_25' title="bbox 74 2965 1170 3054; baseline 0.018 -38"><span class='ocrx_word' id='word_1_202' title='bbox 74 2965 202 3028; x_wconf 82' lang='lat' dir='ltr'><strong>uerendus</strong></span> <span class='ocrx_word' id='word_1_203' title='bbox 223 2971 389 3054; x_wconf 78' lang='lat' dir='ltr'><strong>divitibus,</strong></span> <span class='ocrx_word' id='word_1_204' title='bbox 421 2994 438 3033; x_wconf 83' lang='lat' dir='ltr'><strong>s</strong></span> <span class='ocrx_word' id='word_1_205' title='bbox 461 2972 571 3053; x_wconf 87' lang='lat' dir='ltr'><strong>quibus</strong></span> <span class='ocrx_word' id='word_1_206' title='bbox 593 2973 694 3034; x_wconf 85' lang='lat' dir='ltr'><strong>timeri</strong></span> <span class='ocrx_word' id='word_1_207' title='bbox 716 2974 758 3033; x_wconf 88' lang='lat' dir='ltr'><strong>sit</strong></span> <span class='ocrx_word' id='word_1_208' title='bbox 779 2972 930 3034; x_wconf 79' lang='lat' dir='ltr'><strong>Cleonem.</strong></span> <span class='ocrx_word' id='word_1_209' title='bbox 975 2973 1048 3035; x_wconf 74' lang='lat' dir='ltr'><strong>Aliis</strong></span> <span class='ocrx_word' id='word_1_210' title='bbox 1070 2987 1170 3038; x_wconf 84' lang='lat' dir='ltr'><strong>eutem</strong></span> 
     </span>
     <span class='ocr_line' id='line_1_26' title="bbox 75 3057 1169 3161; baseline 0.014 -39"><span class='ocrx_word' id='word_1_211' title='bbox 75 3057 192 3131; x_wconf 79' lang='lat' dir='ltr'><strong>derebus</strong></span> <span class='ocrx_word' id='word_1_212' title='bbox 214 3096 284 3135; x_wconf 81' lang='lat' dir='ltr'><strong>curn</strong></span> <span class='ocrx_word' id='word_1_213' title='bbox 306 3074 389 3134; x_wconf 86' lang='lat' dir='ltr'><strong>Nicie</strong></span> <span class='ocrx_word' id='word_1_214' title='bbox 409 3084 498 3156; x_wconf 82' lang='lat' dir='ltr'><strong>po&#39;e&#39;ts</strong></span> <span class='ocrx_word' id='word_1_215' title='bbox 521 3085 621 3137; x_wconf 87' lang='lat' dir='ltr'><strong>noster</strong></span> <span class='ocrx_word' id='word_1_216' title='bbox 643 3077 806 3154; x_wconf 85' lang='lat' dir='ltr'><strong>consentit,</strong></span> <span class='ocrx_word' id='word_1_217' title='bbox 829 3086 863 3136; x_wconf 90' lang='lat' dir='ltr'><strong>ut</strong></span> <span class='ocrx_word' id='word_1_218' title='bbox 884 3077 921 3136; x_wconf 90' lang='lat' dir='ltr'><strong>de</strong></span> <span class='ocrx_word' id='word_1_219' title='bbox 942 3098 1018 3159; x_wconf 80' lang='lat' dir='ltr'><strong>pace</strong></span> <span class='ocrx_word' id='word_1_220' title='bbox 1041 3098 1169 3161; x_wconf 91' lang='lat' dir='ltr'><strong>compo-</strong></span> 
     </span>
     <span class='ocr_line' id='line_1_27' title="bbox 75 3163 1170 3258; baseline 0.014 -34"><span class='ocrx_word' id='word_1_221' title='bbox 75 3163 161 3246; x_wconf 75' lang='lat' dir='ltr'><strong>nenda,</strong></span> <span class='ocrx_word' id='word_1_222' title='bbox 182 3193 269 3254; x_wconf 85' lang='lat' dir='ltr'><strong>qusm</strong></span> <span class='ocrx_word' id='word_1_223' title='bbox 290 3177 387 3257; x_wconf 76' lang='lat' dir='ltr'><strong>ipsum</strong></span> <span class='ocrx_word' id='word_1_224' title='bbox 409 3177 525 3238; x_wconf 83' lang='lat' dir='ltr'><strong>Niciam</strong></span> <span class='ocrx_word' id='word_1_225' title='bbox 545 3199 660 3238; x_wconf 84' lang='lat' dir='ltr'><strong>summo</strong></span> <span class='ocrx_word' id='word_1_226' title='bbox 682 3178 785 3238; x_wconf 89' lang='lat' dir='ltr'><strong>studio</strong></span> <span class='ocrx_word' id='word_1_227' title='bbox 808 3189 999 3258; x_wconf 83' lang='lat' dir='ltr'><strong>persecutum</strong></span> <span class='ocrx_word' id='word_1_228' title='bbox 1022 3200 1086 3240; x_wconf 87' lang='lat' dir='ltr'><strong>esse</strong></span> <span class='ocrx_word' id='word_1_229' title='bbox 1108 3178 1170 3239; x_wconf 87' lang='lat' dir='ltr'><strong>sci-</strong></span> 
     </span>
     <span class='ocr_line' id='line_1_28' title="bbox 76 3275 1168 3363; baseline 0.018 -43"><span class='ocrx_word' id='word_1_230' title='bbox 76 3283 132 3330; x_wconf 83' lang='lat' dir='ltr'><strong>mus.</strong></span> <span class='ocrx_word' id='word_1_231' title='bbox 168 3275 357 3361; x_wconf 71' lang='lat' dir='ltr'><strong>Perspicuum</strong></span> <span class='ocrx_word' id='word_1_232' title='bbox 380 3277 453 3340; x_wconf 86' lang='lat' dir='ltr'><strong>mihi</strong></span> <span class='ocrx_word' id='word_1_233' title='bbox 474 3291 633 3362; x_wconf 75' lang='lat' dir='ltr'><strong>propterea</strong></span> <span class='ocrx_word' id='word_1_234' title='bbox 656 3300 721 3340; x_wconf 87' lang='lat' dir='ltr'><strong>esse</strong></span> <span class='ocrx_word' id='word_1_235' title='bbox 742 3279 874 3356; x_wconf 83' lang='lat' dir='ltr'><strong>videtur,</strong></span> <span class='ocrx_word' id='word_1_236' title='bbox 896 3292 1016 3363; x_wconf 76' lang='lat' dir='ltr'><strong>optasse</strong></span> <span class='ocrx_word' id='word_1_237' title='bbox 1036 3288 1168 3362; x_wconf 76' lang='lat' dir='ltr'><strong>potitum,</strong></span> 
     </span>
     <span class='ocr_line' id='line_1_29' title="bbox 76 3369 1170 3464; baseline 0.018 -44"><span class='ocrx_word' id='word_1_238' title='bbox 76 3375 102 3422; x_wconf 85' lang='lat' dir='ltr'><strong>ut</strong></span> <span class='ocrx_word' id='word_1_239' title='bbox 116 3369 196 3438; x_wconf 75' lang='lat' dir='ltr'><strong>Nicias</strong></span> <span class='ocrx_word' id='word_1_240' title='bbox 216 3382 329 3452; x_wconf 70' lang='lat' dir='ltr'><strong>maiore</strong></span> <span class='ocrx_word' id='word_1_241' title='bbox 351 3383 383 3442; x_wconf 87' lang='lat' dir='ltr'><strong>vi</strong></span> <span class='ocrx_word' id='word_1_242' title='bbox 405 3391 511 3442; x_wconf 82' lang='lat' dir='ltr'><strong>contra</strong></span> <span class='ocrx_word' id='word_1_243' title='bbox 531 3381 632 3443; x_wconf 83' lang='lat' dir='ltr'><strong>hostes</strong></span> <span class='ocrx_word' id='word_1_244' title='bbox 652 3381 783 3442; x_wconf 80' lang='lat' dir='ltr'><strong>cisitstis</strong></span> <span class='ocrx_word' id='word_1_245' title='bbox 805 3392 958 3460; x_wconf 73' lang='lat' dir='ltr'><strong>surgeret,</strong></span> <span class='ocrx_word' id='word_1_246' title='bbox 988 3391 1017 3444; x_wconf 89' lang='lat' dir='ltr'><strong>et</strong></span> <span class='ocrx_word' id='word_1_247' title='bbox 1039 3383 1109 3464; x_wconf 85' lang='lat' dir='ltr'><strong>quie</strong></span> <span class='ocrx_word' id='word_1_248' title='bbox 1130 3382 1170 3444; x_wconf 89' lang='lat' dir='ltr'><strong>ti-</strong></span> 
     </span>
    </p>
   </div>
   <div class='ocr_carea' id='block_1_3' title="bbox 76 3467 1272 3774">
    <p class='ocr_par' dir='ltr' id='par_1_4' title="bbox 76 3467 1272 3774">
     <span class='ocr_line' id='line_1_30' title="bbox 76 3467 1272 3568; baseline 0.019 -43"><span class='ocrx_word' id='word_1_249' title='bbox 76 3467 179 3540; x_wconf 76' lang='lat' dir='ltr'><strong>miditate</strong></span> <span class='ocrx_word' id='word_1_250' title='bbox 202 3495 230 3544; x_wconf 88' lang='lat' dir='ltr'><strong>et</strong></span> <span class='ocrx_word' id='word_1_251' title='bbox 251 3484 341 3546; x_wconf 87' lang='lat' dir='ltr'><strong>nimis</strong></span> <span class='ocrx_word' id='word_1_252' title='bbox 363 3483 539 3545; x_wconf 74' lang='lat' dir='ltr'><strong>crudelitate</strong></span> <span class='ocrx_word' id='word_1_253' title='bbox 562 3505 652 3568; x_wconf 71' lang='lat' dir='ltr'><strong>saepe</strong></span> <span class='ocrx_word' id='word_1_254' title='bbox 673 3504 721 3545; x_wconf 87' lang='lat' dir='ltr'><strong>res</strong></span> <span class='ocrx_word' id='word_1_255' title='bbox 736 3483 961 3545; x_wconf 71' lang='lat' dir='ltr'><strong>Atheniensium</strong></span> <span class='ocrx_word' id='word_1_256' title='bbox 976 3474 1168 3566; x_wconf 53' lang='lat' dir='ltr'><strong>impediebat</strong></span> <span class='ocrx_word' id='word_1_257' title='bbox 1268 3515 1272 3527; x_wconf 79' lang='lat'><em>=</em></span> 
     </span>
     <span class='ocr_line' id='line_1_31' title="bbox 77 3585 1168 3670; baseline 0.011 -32"><span class='ocrx_word' id='word_1_258' title='bbox 77 3587 174 3658; x_wconf 63' lang='lat' dir='ltr'><strong>*unque</strong></span> <span class='ocrx_word' id='word_1_259' title='bbox 192 3585 254 3668; x_wconf 88' lang='lat' dir='ltr'><strong>ipse</strong></span> <span class='ocrx_word' id='word_1_260' title='bbox 275 3587 356 3648; x_wconf 84' lang='lat' dir='ltr'><strong>vires</strong></span> <span class='ocrx_word' id='word_1_261' title='bbox 377 3585 547 3666; x_wconf 75' lang='lat' dir='ltr'><strong>minuebat,</strong></span> <span class='ocrx_word' id='word_1_262' title='bbox 574 3586 736 3649; x_wconf 82' lang='lat' dir='ltr'><strong>hostilibus</strong></span> <span class='ocrx_word' id='word_1_263' title='bbox 758 3588 849 3648; x_wconf 85' lang='lat' dir='ltr'><strong>ermis</strong></span> <span class='ocrx_word' id='word_1_264' title='bbox 870 3588 932 3649; x_wconf 85' lang='lat' dir='ltr'><strong>suis</strong></span> <span class='ocrx_word' id='word_1_265' title='bbox 955 3609 1023 3648; x_wconf 88' lang='lat' dir='ltr'><strong>eum</strong></span> <span class='ocrx_word' id='word_1_266' title='bbox 1044 3607 1168 3670; x_wconf 77' lang='lat' dir='ltr'><strong>eggres-</strong></span> 
     </span>
     <span class='ocr_line' id='line_1_32' title="bbox 78 3687 1167 3774; baseline 0.008 -29"><span class='ocrx_word' id='word_1_267' title='bbox 78 3688 125 3735; x_wconf 59' lang='grc' dir='ltr'><strong>’ΠΜ</strong></span> <span class='ocrx_word' id='word_1_268' title='bbox 142 3702 206 3748; x_wconf 73' lang='lat' dir='ltr'><strong>esse.</strong></span> <span class='ocrx_word' id='word_1_269' title='bbox 249 3687 310 3765; x_wconf 85' lang='lat' dir='ltr'><strong>Qui</strong></span> <span class='ocrx_word' id='word_1_270' title='bbox 332 3690 412 3752; x_wconf 84' lang='lat' dir='ltr'><strong>enim</strong></span> <span class='ocrx_word' id='word_1_271' title='bbox 434 3708 527 3772; x_wconf 85' lang='lat' dir='ltr'><strong>quum</strong></span> <span class='ocrx_word' id='word_1_272' title='bbox 549 3701 652 3772; x_wconf 83' lang='lat' dir='ltr'><strong>poeset</strong></span> <span class='ocrx_word' id='word_1_273' title='bbox 671 3709 721 3752; x_wconf 86' lang='lat' dir='ltr'><strong>res</strong></span> <span class='ocrx_word' id='word_1_274' title='bbox 743 3690 871 3774; x_wconf 78' lang='lat' dir='ltr'><strong>optimos</strong></span> <span class='ocrx_word' id='word_1_275' title='bbox 892 3690 1055 3769; x_wconf 80' lang='lat' dir='ltr'><strong>ediuvere,</strong></span> <span class='ocrx_word' id='word_1_276' title='bbox 1077 3692 1167 3754; x_wconf 85' lang='lat' dir='ltr'><strong>enimi</strong></span> 
     </span>
    </p>
   </div>
   <div class='ocr_carea' id='block_1_4' title="bbox 77 3842 251 3878">
    <p class='ocr_par' dir='ltr' id='par_1_5' title="bbox 77 3842 251 3878">
     <span class='ocr_line' id='line_1_33' title="bbox 77 3842 251 3878; baseline 0.006 -1"><span class='ocrx_word' id='word_1_277' title='bbox 77 3842 251 3878; x_wconf 75' lang='lat'><strong><em>&#39;¹‘···—·-.</em></strong></span> 
     </span>
    </p>
   </div>
   <div class='ocr_carea' id='block_1_5' title="bbox 101 3956 564 4388">
    <p class='ocr_par' dir='ltr' id='par_1_6' title="bbox 101 3956 301 4036">
     <span class='ocr_line' id='line_1_34' title="bbox 101 3956 301 4036; baseline 0.045 -13"><span class='ocrx_word' id='word_1_278' title='bbox 101 3956 121 4024; x_wconf 82' lang='lat'><strong>⁸)</strong></span> <span class='ocrx_word' id='word_1_279' title='bbox 134 3963 224 4036; x_wconf 67' lang='lat' dir='ltr'><strong>Equiti</strong></span> <span class='ocrx_word' id='word_1_280' title='bbox 241 3973 301 4032; x_wconf 73' lang='lat'><strong>⁵62</strong></span> 
     </span>
    </p>

    <p class='ocr_par' dir='ltr' id='par_1_7' title="bbox 101 4041 366 4128">
     <span class='ocr_line' id='line_1_35' title="bbox 101 4041 366 4128; baseline 0.03 -19"><span class='ocrx_word' id='word_1_281' title='bbox 101 4041 242 4128; x_wconf 57' lang='lat' dir='ltr'><strong>inune.</strong></span> <span class='ocrx_word' id='word_1_282' title='bbox 257 4061 304 4125; x_wconf 82' lang='lat' dir='ltr'><strong>w,</strong></span> <span class='ocrx_word' id='word_1_283' title='bbox 321 4062 366 4117; x_wconf 74' lang='lat' dir='ltr'><strong>ss.</strong></span> 
     </span>
    </p>

    <p class='ocr_par' dir='ltr' id='par_1_8' title="bbox 102 4125 365 4213">
     <span class='ocr_line' id='line_1_36' title="bbox 102 4125 365 4213; baseline 0.027 -20"><span class='ocrx_word' id='word_1_284' title='bbox 102 4125 122 4193; x_wconf 73' lang='lat' dir='ltr'><strong>&#39;i</strong></span> <span class='ocrx_word' id='word_1_285' title='bbox 136 4131 242 4213; x_wconf 74' lang='lat' dir='ltr'><strong>i&#39;nocyd.</strong></span> <span class='ocrx_word' id='word_1_286' title='bbox 255 4145 306 4212; x_wconf 83' lang='lat' dir='ltr'>&#39;v1‚</span> <span class='ocrx_word' id='word_1_287' title='bbox 324 4149 365 4204; x_wconf 76' lang='lat'><strong>86.</strong></span> 
     </span>
    </p>

    <p class='ocr_par' dir='ltr' id='par_1_9' title="bbox 101 4211 353 4290">
     <span class='ocr_line' id='line_1_37' title="bbox 101 4211 353 4290; baseline 0.02 -6"><span class='ocrx_word' id='word_1_288' title='bbox 101 4211 122 4278; x_wconf 80' lang='lat'><strong>⁸)</strong></span> <span class='ocrx_word' id='word_1_289' title='bbox 135 4217 193 4278; x_wconf 65' lang='grc' dir='ltr'><strong>ΡΜ</strong></span> <span class='ocrx_word' id='word_1_290' title='bbox 208 4229 267 4286; x_wconf 85' lang='lat' dir='ltr'><strong>Nic.</strong></span> <span class='ocrx_word' id='word_1_291' title='bbox 285 4251 308 4285; x_wconf 84' lang='lat' dir='ltr'><strong>c.</strong></span> <span class='ocrx_word' id='word_1_292' title='bbox 326 4235 353 4290; x_wconf 81' lang='lat'><em>2</em></span> 
     </span>
    </p>

    <p class='ocr_par' dir='ltr' id='par_1_10' title="bbox 102 4296 564 4388">
     <span class='ocr_line' id='line_1_38' title="bbox 102 4296 564 4388; baseline 0.013 -17"><span class='ocrx_word' id='word_1_293' title='bbox 102 4296 122 4364; x_wconf 85' lang='lat'><strong>&#39;)</strong></span> <span class='ocrx_word' id='word_1_294' title='bbox 135 4306 172 4362; x_wconf 78' lang='lat' dir='ltr'><strong>n.</strong></span> <span class='ocrx_word' id='word_1_295' title='bbox 188 4314 286 4388; x_wconf 71' lang='lat' dir='ltr'><strong>uque</strong></span> <span class='ocrx_word' id='word_1_296' title='bbox 303 4319 347 4385; x_wconf 77' lang='lat' dir='ltr'><strong>es,</strong></span> <span class='ocrx_word' id='word_1_297' title='bbox 363 4321 407 4386; x_wconf 84' lang='lat' dir='ltr'><strong>es,</strong></span> <span class='ocrx_word' id='word_1_298' title='bbox 423 4321 492 4379; x_wconf 79' lang='lat' dir='ltr'><strong>suns</strong></span> <span class='ocrx_word' id='word_1_299' title='bbox 561 4368 564 4377; x_wconf 94' lang='lat'><em>.</em></span> 
     </span>
    </p>
   </div>
   <div class='ocr_carea' id='block_1_6' title="bbox 0 0 1398 4959">
    <p class='ocr_par' dir='ltr' id='par_1_11' title="bbox 0 0 1398 4959">
     <span class='ocr_line' id='line_1_39' title="bbox 0 0 1398 4959; baseline 0 0"><span class='ocrx_word' id='word_1_300' title='bbox 0 0 1398 4959; x_wconf 95' lang='lat' dir='ltr'><strong> </strong></span> 
     </span>
    </p>
   </div>
  </div>
 </body>
</html>
