2784 4959
626 135 677 199 lit

148 419 151 423 ’
238 378 979 541 nraulsrorflslrlsrirs„
1080 474 1171 527 ens

83 640 135 718 gula
151 638 346 714 recensuisse,
366 643 526 718 poetarum
549 635 663 698 ordinis
683 628 768 699 nullo
788 636 905 699 ratione
925 634 1093 719 habits⁸⁷).
1135 632 1172 703 ld

88 761 157 819 quun
172 761 225 821 per
246 760 279 800 se
300 742 340 799 sit
359 760 506 821 perquam
528 740 693 830 probabile,
712 760 794 801 nnnc
808 740 878 801 inda
892 741 1067 823 colligimus,
1091 742 1175 823 quod
1230 736 1236 749 ⁸

91 842 188 901 Platonis
207 841 369 903 scholiasta
390 863 430 903 ex
450 842 621 904 Aristotelis
641 842 812 904 didascaliis
835 842 942 920 docet,
963 842 1173 923 Aristophanis

97 938 233 1027 llslappoaip
254 956 284 1006 et
301 946 400 1007 hleleti
419 936 613 1009 Oidsmidesov
633 964 695 1005 uno
717 946 882 1029 eodemque
905 966 983 1005 anuo
1005 965 1070 1007 esse
1090 946 1174 1007 coni·

92 1046 172 1109 uisus
212 1048 341 1129 Quoque
366 1050 460 1128 igitur
488 1067 583 1123 anno,
612 1049 664 1127 qui
685 1056 793 1129 potitae
815 1048 943 1109 dirersis
963 1047 1071 1112 diebus
1090 1048 1173 1110 iestis

91 1158 234 1224 mouent,
256 1172 392 1232 quaeque
413 1156 552 1230 poemata
573 1150 605 1211 in
628 1161 780 1214 certamen
802 1152 1015 1214 commisissent
1036 1172 1089 1231 ac,
1116 1152 1174 1211 nisi

85 1249 167 1328 fallor,
191 1256 330 1332 tragicis,
356 1253 497 1335 comicis,
530 1252 706 1333 melicisque
733 1257 831 1334 potitis
857 1274 978 1337 quoque
999 1274 1174 1315 aunocoa·

84 1355 203 1430 arratis,
222 1358 366 1437 scriptum
389 1366 455 1417 erat
474 1356 506 1415 in
526 1356 695 1418 Aristotelis
716 1358 794 1419 libro
808 1358 877 1434 ³⁸).,
903 1360 979 1421 Tum
1000 1370 1083 1422 totus
1097 1362 1175 1423 libes·

81 1474 156 1532 quum
182 1458 210 1517 iu
233 1459 343 1519 indicis
371 1460 498 1547 sormam
527 1459 682 1519 coniectus
711 1480 774 1522 essa
799 1460 956 1537 videatur,
984 1464 1055 1542 quia
1075 1463 1175 1526 uerbis

36 1615 40 1626 ,
83 1548 244 1639 isaniori,
273 1562 361 1645 φέρει
387 1562 592 1643 similibusque
621 1572 764 1641 utuntur,-
793 1565 845 1645 qui
872 1566 1037 1645 fragmenta
1064 1590 1176 1632 serva·-

83 1670 153 1721 ruut:
174 1673 268 1725 tameo
288 1684 327 1725 ex
349 1664 415 1725 aliis
437 1664 595 1743 discimus,
627 1685 682 1725 suo
708 1666 798 1727 ruodo
827 1667 1039 1753 philosophum
1061 1671 1175 1750 singula

81 1780 194 1845 quaeque
226 1766 418 1846 exposuisse,
461 1766 573 1826 additis
610 1767 676 1828 aliis
711 1769 887 1847 quibusdam
921 1773 1175 1836 adnotationibus.

74 1862 225 1928 Pautaclem
244 1869 323 1929 enim
344 1874 465 1950 po'etam
487 1867 588 1944 luisse,
610 1870 642 1928 id
655 1868 855 1951 Harpocratio
877 1894 917 1935 ex
938 1874 1108 1935 Aristotelis
1123 1852 1176 1937 'di-

73 1964 196 2030 dascaliis
220 1981 425 2053 compereratr
452 1972 519 2051 quis
541 1980 638 2033 autem
662 1983 692 2033 et
714 1976 810 2054 qualis
830 1976 940 2053 luerit,
968 1977 1048 2041 unde
1070 1978 1176 2041 odun-

72 2070 139 2150 dua,
167 2098 221 2156 qua
242 2086 306 2139 arte
328 2075 528 2155 conspicuus,
557 2075 621 2135 eius
648 2073 693 2135 rei
721 2076 784 2138 illio
812 2099 850 2139 ne
877 2080 1032 2143 minimum
1053 2080 1175 2161 quidem

72 2178 218 2254 vestigium
250 2178 400 2259 apparuit.
445 2176 555 2237 Contra
581 2176 645 2237 ,duo
674 2198 739 2239 esse
769 2181 899 2242 Cinesius
928 2182 1047 2243 dixerut
1070 2176 1175 2267 (φησί)

74 2273 182 2359 duoque
203 2280 347 2360 choregos
369 2279 460 2339 suine
481 2278 593 2341 eleetos
614 2280 795 2358 tradiderat,
824 2282 948 2361 eiusque
967 2284 1081 2345 libera
1107 2284 1176 2345 Cal·

77 2376 191 2444 limaeho
210 2382 389 2465 reprehendi
410 2379 599 2463 poteratw).
637 2381 746 2455 Quaeri
768 2392 868 2462 potest
887 2392 1053 2464 praeterea,
1074 2391 1175 2443 utrum

81 2476 207 2563 choragos
226 2486 316 2547 simul
336 2484 495 2545 notaverit.
536 2481 684 2561 Equidem
712 2482 743 2543 id
770 2485 883 2545 iactum
910 2505 974 2544 esse
1001 2483 1056 2543 vix
1077 2483 1178 2543 credi·

82 2579 176 2662 denas,
204 2588 312 2669 quum,
340 2588 413 2646 licet
434 2595 518 2645 certo
548 2586 693 2660 sciamus,
723 2586 797 2667 quid
827 2586 865 2647 ‹le
894 2586 1012 2647 duobus
1040 2584 1177 2665 choragia
1206 2592 1236 2649 Ἀ

82 2680 192 2765 dixerit,
211 2698 316 2770 poetas
339 2690 506 2771 designatos
528 2712 592 2752 esse
614 2712 630 2749 a
652 2689 772 2764 multis,
801 2688 883 2769 apud
904 2686 1098 2749 Plutarchum
1119 2708 1177 2749 au·

84 2793 139 2845 etor
166 2790 251 2851 luerit
279 2794 439 2853 Panaetius
463 2792 530 2871 ⁴⁰),
575 2792 613 2851 de
642 2790 780 2869 choregis
809 2790 888 2851 idern
918 2791 955 2851 od
984 2801 1177 2853 monumenta

84 2894 289 2970 provocaverit,
318 2916 379 2955 non
401 2894 441 2955 ad
461 2893 565 2957 libros.
607 2892 794 2953 Hirti-ionum
822 2903 922 2955 autem
948 2903 1118 2955 potatorum
1145 2894 1178 2955 iu

86 2986 231 3066 fragmentis
259 2994 377 3056 nullum
403 3001 520 3075 signum
550 2996 751 3076 conspicitur,
785 3016 953 3077 qrronqusm
984 2998 1177 3073 didascalica,

87 3096 198 3166 quaeda
218 3097 420 3181 Aristophane
440 3100 566 3181 aliisque
589 3098 688 3180 podiis
709 3106 889 3178 supersunt,
917 3098 951 3166 id
976 3098 1106 3179 probare
1125 3098 1177 3159 vi·

89 3190 176 3259 deutm
190 3199 246 3280 ⁴¹).
335 3240 344 3253 .

89 3350 267 3375 Νὴ..-

109 3482 142 3556 ⁸⁷)
154 3488 182 3544 ld
203 3508 302 3545 maimo
323 3488 382 3544 iura
402 3486 550 3545 Boachhlm
571 3492 662 3544 contra
679 3484 819 3541 Oderiouru
842 3484 976 3608 probarit,
1001 3484 1081 3555 corp.
1097 3484 1178 3541 hsscr.

151 3576 177 3630 p·
192 3562 262 3626 ³51,
287 3576 432 3631 quanquam
448 3560 471 3615 is
487 3576 538 3613 uou
555 3558 589 3614 de
606 3559 659 3611 solo
676 3554 825 3611 Aristotelia
853 3556 910 3611 'bro
928 3556 1056 3626 exposuit.

107 3642 230 3711 ¹¹)de
245 3644 328 3714 igitur
344 3644 511 3698 &mutunus
526 3644 678 3713 louaiusque
693 3643 845 3703 voluerant,
867 3638 1014 3695 Aristotelis
1030 3640 1122 3693 librum
1139 3638 1178 3695 ita

148 3714 223 3767 citari
240 3713 366 3783 potuisse,
382 3722 412 3767 ut
428 3713 543 3783 singulae
559 3720 648 3784 partes
664 3712 728 3778 περὶ
745 3711 885 3779 stupescis,
902 3709 946 3763 ael
960 3709 1025 3779 napi
1039 3710 1178 3779 τραγικῶν

149 3789 418 3847 commemorarentur,
433 3784 461 3835 id
478 3798 568 3853 paruas
586 3786 628 3835 est
643 3781 789 3835 verisimile.

107 3867 224 3936 'ndat
247 3876 326 3922 autaa
344 3868 493 3934 docuimus,
521 3868 550 3923 io
571 3866 726 3921 athletarum
749 3864 880 3931 iudicibus
897 3860 1062 3919 conficiendis
1083 3862 1179 3919 iactum

148 3956 213 3991 m
387 3964 391 3969 .

109 4024 143 4091 ⁹)
157 4025 240 4077 heus
255 4022 281 4076 is
303 4028 345 4077 cat
361 4026 499 4076 memoratu
516 4020 688 4091 dignissimus,
704 4020 733 4073 iu
748 4018 870 4075 Aristidis
886 4018 943 4074 rita
959 4036 1015 4091 cap.
1032 4017 1065 4087 1.,
1081 4016 1178 4091 dequo

148 4100 239 4164 postea
255 4091 331 4163 plura
348 4092 458 4146 dicenda
473 4098 559 4145 arun·

105 4177 141 4248 ⁴¹)
156 4178 289 4232 luterdusn
306 4178 385 4242 enim,
401 4184 432 4231 ut
447 4176 590 4259 inargpm.
607 4174 692 4239 Pacis,
709 4190 792 4243 nuper
809 4171 906 4229 demum
923 4176 1044 4243 reperto,
1065 4171 1180 4225 nomina·

149 4253 193 4301 tur
209 4247 312 4300 histrio.
348 4248 433 4316 seque
454 4243 482 4298 id
505 4244 606 4314 quidem
630 4246 664 4297 ab
680 4242 830 4296 Aristotelia
846 4242 957 4295 'consilio
981 4258 1030 4295 non
1048 4239 1179 4305 abhorret,

154 4332 229 4385 quon
246 4313 397 4370 morosum
413 4332 456 4368 ars
474 4312 543 4383 apud
559 4312 730 4366 Athenienses
745 4281 853 4372 maxiuss
868 4310 1000 4366 oslabnts
1015 4306 1111 4369 luerit,
1133 4312 1179 4359 at-

67 4383 69 4386 ’
114 4396 315 4450 summm
335 4409 360 4445 c.
380 4392 528 4446 Tamara.
548 4388 570 4443 1.
951 4382 974 4439 k
