2784 4959
210 447 308 500 econ
331 353 336 361 ¹
539 416 993 498 COMMENTATIO

279 616 412 678 Transeo
427 611 466 674 ad
474 610 609 686 buldam,
624 608 675 670 cui
686 609 762 672 baec
774 605 868 672 verba
881 610 1022 673 debemus
1036 607 1184 690 »Ῥόδιος
1197 610 1270 694 ἤτοι
1280 618 1347 679 Ata.

207 725 288 800 dmg·
310 720 343 784 oi
353 714 387 783 dl
398 709 568 799 Αἰγύπτιον
580 712 712 791 torreo·
726 714 759 777 oi
772 712 806 777 di
816 715 998 797 Kupelpsov·
1013 714 1109 780 θέσει
1124 714 1165 779 δὲ
1175 710 1346 799 Ἀθηναῖος,

205 813 476 907 ἕποῑιτογραφήθη
490 811 548 901 yolo
563 808 636 895 παρ’
648 808 781 892 αὖτοῖς“,
803 835 880 895 quae
894 838 1007 895 omnes,
1029 838 1114 899 quae
1133 826 1271 897 natant,
1285 822 1348 901 opi-

204 930 312 989 niones
340 916 548 983 diiudicandus
576 916 740 977 continent.
783 918 901 979 Camira
935 919 1013 980 enim
1041 930 1155 981 ortum
1187 942 1256 983 esse
1275 928 1347 1003 poti-

203 1020 285 1104 tam,
306 1025 412 1087 Snidas
433 1022 517 1085 solus
537 1020 676 1081 tradidit
719 1018 933 1101 Rhodiensem,
955 1022 1053 1084 liudo
1078 1032 1213 1101 ortum,
1238 1047 1257 1085 a
1279 1046 1346 1085 non·

203 1132 296 1194 nullis
314 1128 431 1189 dictum
452 1144 533 1200 esse,
562 1131 684 1205 praeter
707 1122 830 1184 Suidsm
850 1144 1033 1205 anonymus,
1063 1127 1127 1205 qui
1152 1126 1253 1188 vitam
1275 1130 1344 1187 ecri-

203 1236 283 1322 psit,
320 1228 446 1293 rettulit.
488 1226 579 1305 Erat,
613 1245 706 1305 quum
735 1224 846 1287 Suidae
874 1226 968 1287 verba
997 1228 1161 1309 corrigere
1190 1238 1341 1291 tentarem.

203 1340 279 1401 blisn
310 1333 388 1395 enim
418 1329 573 1392 nominum
602 1326 763 1388 collocatio
798 1327 837 1388 ad
866 1318 946 1389 ban‘c
976 1330 1277 1409 commutationem,
1311 1340 1339 1392 nt

202 1460 260 1523 pro
281 1430 469 1521 Αἰγύπτιον,
488 1424 635 1495 lotione
656 1430 822 1507 scribatur,
851 1428 1009 1497 invitabat.
1056 1434 1124 1494 Sed
1148 1434 1261 1495 eadem
1286 1454 1337 1493 non
1373 1506 1375 1533 1

202 1543 300 1603 solum
322 1536 405 1620 opud
426 1534 500 1596 alios
520 1532 673 1614 reperitur
694 1532 813 1615 opinior
840 1530 932 1594 immo
955 1534 1115 1597 Athenaeo
1140 1536 1227 1600 dnos
1248 1545 1336 1620 potest

37 1652 41 1663 '
72 1666 82 1675 “
201 1645 242 1711 ad
270 1651 424 1704 auctorem
452 1656 550 1724 suum.
568 1634 692 1715 reterri,
726 1632 925 1697 Heliodorum
951 1636 1196 1720 Atheniensem,
1234 1640 1333 1720 quiin

201 1744 287 1808 libris
309 1740 512 1805 celeberrimis
534 1737 612 1819 Περὶ
633 1730 838 1821 ἆκροπὸλεως,
867 1738 1072 1803 Naucratitnm
1096 1740 1200 1804 fuisse
1224 1741 1332 1801 Aristo·

200 1846 349 1935 pibonem,
377 1840 533 1903 contendit
545 1836 603 1926 ¹⁷).
647 1840 732 1917 Quae
762 1838 788 1899 si
815 1842 913 1902 omnla
935 1842 1062 1923 colligo,
1094 1844 1261 1929 duplicem
1281 1842 1331 1901 ina-

199 1948 306 2035 primis
333 1966 399 2009 esse
427 1944 517 2007 video
543 1951 682 2004 veterum
706 1941 744 2002 de
772 1944 870 2023 patria
893 1946 988 2007 nostri
1009 1952 1123 2027 poetae
1145 1946 1325 2009 sententian.

198 2054 261 2131 Qui
292 2051 371 2113 enim
402 2068 472 2108 cum
501 2046 595 2106 Suida
623 2044 834 2118 consentiunt,
864 2066 971 2124 genere
999 2048 1222 2112 Atheniensem
1246 2050 1326 2111 latine

197 2165 324 2237 negant:
344 2173 381 2215 sc
401 2150 495 2212 modo
514 2147 611 2225 lianc,
632 2146 725 2208 modo
746 2146 829 2206 illam
850 2147 978 2229 patriam
1002 2150 1030 2211 ei
1051 2154 1230 2233 assignant:
1260 2172 1324 2211 ano-

195 2278 305 2341 nymus
330 2265 430 2317 autem
458 2252 539 2315 vitas
562 2250 694 2333 scriptor
715 2258 746 2311 et
766 2246 895 2311 Thomas
917 2251 1074 2333 Magister,
1104 2268 1146 2317 ut
1173 2254 1323 2317 verisimile

196 2370 252 2439 est,
273 2356 493 2440 Apollodorum
513 2352 618 2431 secuti,
642 2350 775 2413 Athenas
798 2352 862 2413 eius
879 2356 1009 2435 patriam
1030 2356 1143 2420 urbem
1167 2380 1234 2421 csse
1254 2377 1321 2419 asse·

193 2473 282 2523 runt:
309 2462 361 2523 slii
383 2460 531 2540 denique,
561 2477 691 2539 qnorum
714 2465 759 2516 cst
781 2477 948 2537 anonymus
970 2456 1009 2520 de
1031 2460 1212 2540 comoedia,
1236 2458 1318 2521 Atlre-

193 2563 329 2625 niensem
357 2569 564 2641 nuncupantes
592 2560 693 2619 vuum
720 2578 820 2639 neque
850 2560 1011 2640 refellunt,
1048 2584 1153 2647 neque
1183 2563 1319 2625 affirmant

192 2676 354 2745 utromque
375 2664 587 2725 narrationem.
630 2660 676 2720 Ac
696 2680 754 2740 per
776 2679 809 2720 ss
831 2659 967 2741 quidem,
993 2662 1019 2723 ai
1041 2666 1138 2727 modo
1160 2663 1274 2727 idoneis
1292 2671 1315 2722 et

193 2765 396 2847 locupletibus
423 2764 550 2826 testibus
577 2771 721 2835 utuntur,
752 2782 857 2823 eorum
886 2766 1033 2827 sententia
1061 2788 1124 2831 non
1145 2771 1250 2855 inepta
1270 2774 1313 2841 est,

194 2869 249 2955 qui
269 2866 396 2929 Athenis
423 2886 491 2927 eum
520 2874 685 2927 removent.
727 2862 871 2926 Similiter
899 2866 978 2928 inter
1005 2867 1122 2933 medias
1151 2868 1312 2934 comoediae

192 2978 300 3055 poena
322 2968 376 3050 qui
394 2968 527 3051 primum
548 2978 632 3028 tenet
645 2967 749 3027 locum
765 2966 962 3049 Antiphanes,
985 2971 1179 3037 Atheniensis
1202 2972 1311 3055 quiden

193 3072 381 3158 appellatur,
411 3066 466 3135 sed
492 3068 588 3153 pocla
617 3062 713 3133 adeda
739 3069 883 3155 γενέσθαι
908 3068 965 3152 μὲν
990 3078 1054 3138 τῶν
1074 3070 1138 3140 alab
1159 3074 1310 3143 Θεσσαλίας

191 3178 227 3243 ἔκ
254 3177 427 3260 Λαρίσσης,
462 3176 715 3258 necennensium
743 3170 778 3237 dl
806 3174 850 3248 alc
877 3170 937 3255 'calu
963 3168 1141 3256 Ἀθηναίων
1169 3174 1310 3243 πολιτείαν

188 3276 252 3346 alud
261 3276 546 3362 Annoodbouffl).
573 3276 608 3337 ln
622 3294 705 3339 nora
719 3284 818 3336 autom
841 3274 995 3337 comoedia
1007 3276 1308 3359 Philemonem'Syra·

190 3383 310 3444 ousiam
332 3381 461 3443 civitatis
471 3380 667 3442 Amaniensis
680 3378 974 3461 participsm'l'nisse
996 3394 1187 3464 compertam
1208 3378 1304 3456 ομ).

190 3485 292 3561 Quare
313 3484 517 3545 necessarium
536 3484 610 3558 erit,
632 3482 749 3561 singula
770 3501 908 3563 quaeque
930 3486 1138 3565 contemplari.

275 3585 508 3666 Antiquissimns
529 3586 678 3661 omnium,
709 3604 786 3664 quos
808 3584 846 3645 de
868 3584 1078 3666 Aristophanis
1105 3590 1206 3669 patria
1227 3586 1302 3645 loca·

188 3698 237 3751 toa
266 3708 331 3751 esse
358 3710 421 3750 non
444 3689 614 3749 coniectura
636 3686 842 3766 ssssquimur,
869 3688 922 3748 sed
944 3709 961 3747 a
982 3707 1045 3749 non
1067 3682 1300 3771 reprehendendo

187 3800 264 3856 testo
285 3794 474 3873 accepimus,
497 3798 543 3851 est
562 3788 747 3850 Heliodorus
768 3786 967 3849 Atheniensis.
1012 3790 1103 3852 Guins
1121 3794 1208 3867 liber,
1229 3782 1298 3869 quod

186 3914 278 3979 quam
297 3893 427 3957 maximo
446 3892 611 3956 dolendum
632 3902 695 3971 est,
722 3910 793 3955 roro
818 3900 934 3956 tantum
955 3912 973 3953 s
992 3893 1210 3975 posterioribus
1230 3906 1298 3951 com·
1365 3966 1366 3969 Ἴ

186 4045 395 4061 μ

202 4136 498 4211 mananseo.

201 4222 1078 4298 omrem.p.xn0a.nnep.vn10u.aan

202 4307 1031 4387 mmmmmssmaanagnumarmm-
