2784 4959
227 435 405 494 ‘uoexxxrr
458 501 461 508 λ
569 398 1018 494 COMMENTATIO

222 607 340 691 ’φρέατι
359 601 499 691 παράθες
521 603 644 683 edilium.
690 607 769 668 tinio
783 605 889 684 igitur·
907 605 964 666 soli
988 605 1082 665 Pucie
1113 601 1240 662 alteriue
1265 621 1340 662 exere

220 713 334 792 plum,
364 711 402 772 ab
425 709 621 771 Eratosthene
649 709 761 770 frustra
789 707 971 788 quaesitum,
1002 707 1157 785 obtigisse
1185 706 1282 766 credat
1304 708 1340 785 qni

232 816 376 900 poteet“,
413 831 490 892 ques
519 813 570 893 qui
599 813 671 889 legit
707 812 859 891 improbet
888 831 925 870 ec
951 809 1120 891 philologo
1149 807 1267 886 indigna
1290 827 1340 866 cen·

220 913 335 996 ⁴eet⁸⁸).
378 916 532 976 Postremo
555 913 729 974 edStohaei
751 915 851 972 locum
873 912 1001 991 accedo]
1025 929 1233 992 quemneque
1247 931 1295 968 cna
1305 931 1339 968 oo-

221 1017 295 1078 ·lore
315 1037 371 1076 suo
393 1025 456 1077 tam
478 1017 515 1076 ab
544 1020 640 1078 veteri
663 1017 817 1076 eornoedie
839 1000 970 1075 ellenueie
999 1035 1098 1093 quem
1121 1033 1220 1072 novae
1240 1013 1338 1070 similem

134 1159 136 1162 -
231 1119 348 1194 dicem,
377 1139 475 1199 neque
504 1138 564 1200 quo
593 1120 660 1179 loco
696 1136 736 1180 ex
762 1118 972 1200 Aristophanis
1002 1121 1164 1198 Γεωργοῖς
1191 1125 1337 1192 excerptam

129 1253 139 1270 ι
232 1221 420 1283 Geieiordiue
438 1225 606 1303 suspicatus
628 1223 676 1300 eit,
699 1242 756 1303 pro
776 1223 888 1301 ingenii
907 1220 1058 1283 tenuitate
1080 1217 1292 1295 doctrinaeque
1306 1216 1336 1273 iu
1360 1216 1362 1299 l

232 1325 303 1404 opis
322 1322 517 1405 intelligo⁸⁰).
543 1325 725 1403 'Fragmenta
745 1325 943 1406 disiungemda
965 1343 1029 1385 esee
1052 1338 1168 1383 versus
1188 1317 1245 1400 ipsi
1264 1327 1336 1376 osten-

231 1425 318 1488 dunt.
362 1427 445 1501 Quid
473 1427 565 1504 igitur
591 1427 736 1507 impedit,
757 1449 827 1507 >quo
848 1428 947 1487 minus
974 1425 1065 1507 prius
1097 1424 1289 1501 fragmentum
1308 1417 1335 1475 ad

230 1529 460 1608 posteriorems
477 1530 626 1609 posterius
655 1530 692 1589 ad
721 1531 853 1610 priorem
881 1518 990 1590 l‘eceru
1017 1525 1219 1588 reseremus?
1244 1520 1334 1581 Stobeei

230 1630 340 1690 similes
361 1629 554 1690 collectiones
575 1631 712 1691 locorum
739 1633 881 1693 similium
902 1629 1077 1710 antiquiore
1100 1636 1200 1688 aetate
1221 1625 1332 1695 extitisse,

230 1729 340 1812 quibus
363 1733 509 1793 Steunene
530 1751 603 1794 usus
623 1745 683 1811 est,
713 1734 841 1796 mexime
869 1745 917 1796 est
937 1731 1115 1794 verisimile.
1161 1729 1206 1789 lta
1226 1727 1333 1785 Clener

229 1841 289 1894 teus
311 1834 562 1911 Alexandrinum,
586 1845 617 1897 et
638 1855 767 1917 quorum
787 1839 840 1898 ille
860 1837 955 1897 libros
975 1834 1147 1915 excerpsit,
1169 1849 1256 1911 quum
1274 1827 1330 1885 sorta

230 1937 415 1998 Graecorum
443 1937 625 2018 inquireret,
660 1941 737 2002 tales
762 1941 955 2024 potissimum
984 1949 1055 2000 ente
1087 1935 1198 1996 oculos
1222 1929 1332 1990 habuisse

227 2037 338 2130 illm,
359 2040 456 2120 ileque
477 2063 547 2103 suos
569 2044 728 2110 theseume
749 2043 869 2119 debere,
891 2054 974 2124 puto.
1017 2042 1131 2102 Nonne
1151 2037 1241 2116 igitur
1258 2029 1329 2099 istite,

99 2207 108 2222 ,
228 2142 281 2222 qui
301 2143 421 2204 duobus
442 2141 570 2205 diversis
592 2145 667 2208 locis
688 2145 831 2226 deinceps
852 2145 1006 2206 collocatis
1021 2142 1162 2204 eiusdem
1176 2137 1330 2199 tabuleeno

226 2261 295 2304 tuen
316 2247 516 2326 preemieeum‘
534 2247 670 2325 ridebat,
701 2269 736 2308 ee
759 2247 804 2306 ita
834 2258 949 2308 mutere
971 2257 1111 2329 poterat,
1143 2253 1179 2304 ut
1199 2241 1229 2302 id
1249 2253 1328 2299 nomeu

161 2387 168 2400 ·
219 2355 296 2407 'ente
317 2349 483 2409 seeundum
504 2349 604 2410 locum
627 2359 794 2427 resecaret,
818 2359 849 2410 et
870 2352 964 2430 priori
981 2351 1038 2410 soli
1061 2341 1257 2426 relinqueret
1289 2333 1329 2395 Sel

227 2449 266 2509 eb
294 2451 368 2532 ipsis
394 2452 456 2512 tule
485 2452 593 2512 vitium
619 2453 691 2512 oriri
721 2453 823 2532 potuit
849 2453 988 2516 librariis.
1034 2450 1160 2527 Quibus
1187 2447 1224 2508 de
1243 2439 1328 2503 ceusdt

228 2573 286 2614 non
309 2555 405 2614 solum
428 2553 578 2614 secundae
599 2555 685 2614 Pacis
705 2555 870 2633 fragmenta
892 2575 948 2629 suo
969 2556 1039 2614 loco
1062 2553 1198 2613 inserere
1219 2542 1328 2608 (10an

227 2657 458 2732 fragmentorum
482 2657 691 2734 collectorem,
719 2655 774 2717 aed
794 2655 882 2717 etiem
904 2657 1073 2736 ergumenti
1093 2655 1267 2734 scriptorem
1284 2661 1326 2702 ⁰⁰¹¹

130 2795 135 2802 ·
228 2757 303 2815 niele
327 2769 431 2816 contra
455 2757 679 2818 Eratosthenem
703 2757 873 2839 disputasse
894 2779 1036 2820 censeo..
1066 2749 1326 2818 Praetereamus

226 2857 346 2918 sthenes
373 2869 533 2940 propterte
563 2868 609 2920 eet
637 2857 922 2942 reprehendendus,
957 2859 1039 2941 quod
1070 2879 1134 2919 non
1165 2855 1256 2916 stetim
1280 2865 1325 2906 ean

226 2959 430 3020 coniecturum
451 2961 541 3038 tecit,
564 2961 652 3022 aliem
675 2963 806 3024 subulam
829 2965 933 3026 eodem
954 2961 1044 3024 modo
1069 2961 1191 3030 noudue
1211 2955 1324 3034 signatam

227 3063 264 3125 ab
285 3061 487 3146 Aristophane
509 3063 618 3126 editum
640 3085 714 3128 esse.
756 3066 908 3142 Quoniam
936 3063 1015 3126 enim
1043 3086 1084 3127 ex
1107 3055 1272 3125 didascaliie
1293 3049 1325 3106 vi·

241 3323 279 3392 ⁸⁸)
298 3319 359 3376 Neu
379 3319 559 3392 negligendum
577 3325 634 3388 eet,
651 3321 745 3376 librum
762 3321 875 3378 Pollucis
893 3323 1018 3378 decimum
1030 3338 1127 3392 magne
1144 3334 1201 3373 esee
1218 3325 1271 3368 cur!
1284 3303 1323 3383 ‘ll'

293 3393 427 3455 heretum,
446 3391 495 3442 etr.
512 3389 603 3458 Reisig
620 3390 647 3444 in
666 3391 733 3444 illue.
752 3391 835 3446 Rhen.
854 3393 889 3456 ll,
907 3391 955 3457 ill,
975 3412 1000 3463 p.
1017 3391 1078 3448 454.
1115 3389 1154 3442 Ut
1172 3377 1322 3451 halom?

291 3462 384 3515 librum
407 3455 631 3528 mepoupseu'e
654 3459 800 3530 prescivit,
833 3459 873 3516 ite
896 3463 1011 3516 tortasse
1031 3460 1092 3514 eliis
1115 3471 1218 3528 quoqne
1236 3447 1322 3514 'W‘

286 3547 366 3594 usus,
384 3529 462 3587 etiem
479 3529 577 3582 ueeiere
595 3529 627 3584 iis
642 3529 762 3584 debebat.
796 3529 903 3595 „Fuere
919 3549 982 3585 veru
1005 3531 1039 3583 de
1063 3528 1199 3584 veteribus
1214 3521 1321 3572 crenus·

291 3599 352 3653 tieie
366 3616 417 3652 uon
431 3597 515 3668 pauci,
528 3597 573 3684 qui
585 3599 610 3650 in
619 3597 762 3652 istiusmodi
772 3599 1071 3669 seriptaoomncntarios
1080 3595 1224 3653 ediderunt,
1232 3587 1320 3652 {ponis

293 3685 345 3722 rere
362 3683 444 3738 opere
457 3665 525 3720 'dete
541 3665 732 3733 elnonenses
749 3668 897 3723 umens.
910 3669 945 3722 ed
965 3669 1063 3722 Potine.
1079 3669 1115 3720 eb
1131 3665 1168 3717 in.
1185 3677 1212 3730 p.
1229 3650 1289 3711 nte

240 3755 279 3824 θ’)
295 3753 403 3808 Stobael
428 3753 481 3806 rel.
505 3751 541 3816 ll,
565 3771 590 3823 p.
608 3752 661 3810 406
678 3753 721 3808 ed.
745 3755 834 3808 Geiet.
868 3753 911 3809 lbi
935 3755 1001 3810 nibil
1022 3772 1081 3809 cese
1097 3752 1132 3805 de
1150 3730 1319 3810 respoud-

291 3833 376 3884 etun,
402 3821 448 3892 qui
473 3820 611 3875 editionem
640 3823 788 3876 Geisiordii
811 3823 935 3894 inspiciet
958 3823 1068 3876 ridebit.
1118 3820 1234 3873 Forum
1254 3811 1319 3858 ΜΨ

291 3891 386 3946 alicubi
411 3893 480 3944 benc
503 3889 675 3944 coniecturam
699 3890 849 3952 lliudorllae
872 3891 998 3962 repperit
1031 3893 1062 3945 Sl
1085 3892 1154 3944 inter
1174 3903 1201 3937 ee
1224 3881 1319 3950 compti?

291 3962 362 4015 locos
392 3975 424 4012 ex
448 3960 588 4014 Eustethio
619 3967 647 4014 et
670 3961 786 4015 Stobeeo
810 3961 944 4031 cognitos,
976 3961 1060 4016 simile
1081 3959 1145 4030 quid
1166 3953 1254 4031 hebtfe
1272 3936 1317 4028 fl}

290 4031 419 4085 ridentur.
462 4029 636 4092 Quaestienoe
660 4029 726 4082 enitn
750 4030 882 4084 continent
902 4031 1043 4084 simillimus
1068 4025 1183 4095 ‚atem
1205 4037 1233 4072 ω
1254 4022 1306 4092 ΦΨ

290 4101 319 4159 el
343 4093 375 4156 sd
399 4095 499 4166 ptem-1
514 4099 557 4160 τίς
580 4093 598 4168 ἡ
623 4097 759 4166 sreosi“‚·
793 4108 820 4152 et
844 4101 911 4152 aiter
926 4102 1000 4154 loeus
1017 4100 1084 4165 „sol
1106 4093 1137 4152 δ’
1159 4069 1318 4155 meleti

215 4172 219 4180 '
292 4168 381 4232 ἔστης
401 4165 477 4234 ii‚ss;
496 4167 653 4235 Peuoplu⁶‘.
680 4169 803 4222 Ceterum
820 4169 876 4224 Pex
894 4167 967 4222 nobie
984 4163 1221 4222 servate'eisnilibee
1236 4157 1270 4234 ⁰31
1283 4157 1316 4194 ‘¹‘

292 4247 385 4294 emate
402 4237 460 4290 dile.
496 4237 535 4289 Ab
552 4237 656 4306 ingenio
674 4238 854 4310 Aristophanis
872 4237 942 4293 dicte
959 4238 1061 4294 minime
1078 4238 1226 4292 abhorreres
1248 4234 1271 4272 ¹¹¹
1284 4226 1316 4266 ἐ’

292 4305 431 4379 questibus
448 4305 608 4362 ostendetur.
