2784 4959
90 312 206 442 'ss
370 290 373 297 ¹
446 324 956 435 ruonreourns

155 534 398 640 editoreslquum
416 548 580 608 scr-herent
606 546 678 607 alias
698 542 796 633 τήμῇ,
826 542 859 608 ἓν
878 536 1044 627 τήκκλησίᾳ
1063 547 1153 618 etc„
1187 534 1319 597 analo-

39 648 44 657 *
156 654 202 733 gia
221 656 337 711 servate
360 650 498 711 exhibere
518 648 664 709 dehebant
684 638 865 731 μῆμμένωὺ,
888 639 1054 730 μῆγγελᾷς,
1074 634 1312 722 μῆλλίπωσιν.

156 754 243 816 Haud
264 752 372 832 procul
392 774 408 811 a
431 771 503 811 vero
518 750 620 811 aberat
634 750 736 811 Elmsl.
756 750 793 809 ad
809 750 909 831 Eurip.
929 746 1049 809 heracl.
1065 764 1097 806 v.
1109 748 1225 837 4605,
1253 739 1315 799 ubi

156 878 213 939 pro
237 852 383 915 similibus
409 854 511 915 formis
537 850 580 936 μή
597 848 718 935 ’μαθεῖ,
749 850 790 933 μὴ
810 847 1006 917 ’ποτίσασθαι
1031 848 1134 909 cresin
1170 838 1310 924 accepit

158 952 311 1042 μᾶμαθεῖ,
339 950 575 1037 μᾶποτίσασθαι.
619 955 717 1016 Cresia
746 956 869 1035 quidem
892 965 973 1015 recte
994 950 1159 1027 sehabet,
1193 948 1258 1007 sed
1282 952 1307 1027 ἡ

157 1082 226 1122 eum
246 1066 266 1121 ᾶ
283 1058 317 1117 in
333 1066 355 1138 ἡ
376 1070 482 1119 coeant
502 1078 621 1118 neeesse
639 1068 699 1134 est,
721 1058 746 1116 si
766 1058 885 1138 quidem
908 1054 1121 1117 contractionis
1150 1052 1304 1130 regulae,

157 1173 192 1223 ut
210 1162 357 1221 monitum
377 1170 434 1237 est,
455 1160 489 1219 in
509 1160 557 1220 his
579 1160 699 1220 valente
728 1156 881 1241 μῆμαθεῖ,
903 1154 1141 1241 pinnatorum
1196 1152 1302 1212 Aliud

159 1272 204 1323 est
223 1255 341 1345 ’ἀρετή
363 1259 397 1324 ἔν
416 1256 582 1349 τᾷθιοπίᾳ,
602 1260 654 1321 ubi
674 1270 695 1342 ἦ
721 1271 750 1321 et
771 1268 792 1324 ἆ
813 1284 875 1322 non
893 1261 1028 1322 efficiunt
1045 1266 1086 1340 ῆ,
1109 1256 1190 1335 quia
1208 1254 1301 1315 orti-

159 1366 257 1441 eulus,
282 1364 335 1445 qui
354 1364 427 1425 alias
448 1384 566 1446 quoque
589 1364 780 1441 absorbetur,
803 1386 865 1424 non
883 1364 1054 1445 praevalere
1073 1359 1174 1427 soletr
1198 1358 1299 1417 itaet

158 1462 276 1548 fflodor
295 1486 343 1547 ap.
364 1467 473 1546 Reisig.
489 1468 575 1546 Synt.
590 1466 665 1527 Crit.
686 1460 719 1546 li.
731 1472 781 1533 28.
798 1464 841 1550 ι4)
884 1466 925 1526 Ut
947 1453 1076 1543 denique
1095 1455 1195 1546 ταῖμῷ
1210 1480 1296 1541 pro·

158 1569 264 1646 hatur,
287 1568 328 1627 ita
346 1575 376 1626 et
395 1562 556 1652 mpovoiyro',
577 1562 724 1651 mtpoiyoi,
745 1560 845 1651 ixoiyoi
867 1578 923 1626 etc.
942 1560 1167 1649 pronuntianda
1189 1572 1224 1621 et
1248 1561 1293 1620 li-

158 1670 231 1731 teris
253 1668 538 1749 exprimendarum.
582 1670 701 1729 Etenim
715 1670 741 1728 si
755 1670 918 1750 quidquam
937 1680 999 1746 est,
1022 1667 1203 1747 quodcum
1224 1684 1292 1722 an-

158 1772 313 1833 teoedente
333 1772 479 1833 vocabulo
499 1782 682 1853 pronatum
706 1792 760 1831 sua
786 1774 944 1850 coalescit,
975 1770 1007 1831 id
1035 1778 1081 1829 est
1106 1784 1291 1849 pronomen

159 1875 273 1957 primes
286 1894 430 1956 personae
442 1874 481 1933 ad
494 1875 623 1955 primam
641 1874 728 1933 verbi
744 1894 902 1955 personam
921 1873 1102 1956 adpositum.

245 1988 413 2081 Partioulae
439 1994 491 2055 καί
513 2014 582 2055 oum
608 1989 797 2073 diphthongo
825 1976 859 2058 εἶ
895 1994 1132 2055 contractionem
1170 1988 1284 2071 legitif

159 2120 239 2159 mam
255 2080 314 2181 κ’τῖυ
328 2099 361 2157 in
383 2098 457 2159 crasi
476 2098 588 2158 evitare
611 2098 774 2161 voluerunt
792 2102 977 2181 grammatici
993 2112 1123 2171 veteres,
1144 2098 1284 2178 pariter-

160 2227 219 2285 que
242 2208 266 2266 si
291 2206 469 2267 coalesceret
492 2227 560 2264 cum
585 2186 612 2267 di
633 2216 662 2265 et
679 2208 835 2286 negatione
846 2219 947 2287 recta,
968 2210 1090 2271 utillud
1106 2186 1181 2280 ihs,
1203 2205 1281 2265 haec

159 2292 204 2377 it]
218 2323 248 2372 et
261 2292 324 2376 ἦ
328 2314 540 2373 scriberentur.
583 2311 716 2373 Similius
729 2302 865 2376 hocesse
879 2318 1000 2380 videtur
1015 2312 1165 2396 ecthlipsi,
1187 2334 1280 2393 quam

162 2415 253 2493 crasi,
278 2414 474 2474 nihilominus
492 2434 528 2473 ex
544 2416 712 2497 praeceptis
724 2427 861 2479 veterum
881 2441 951 2482 vera
965 2407 1054 2493 sunt,
1078 2439 1153 2499 quae
1167 2416 1281 2494 ubique

160 2516 292 2576 eduntur
311 2510 532 2595 κεύτυχοῦμεν,
559 2516 619 2593 sis,
647 2515 778 2596 κέυθύς,
815 2514 870 2585 κόυ
899 2530 954 2581 eto.
983 2521 1053 2583 Chr.
1083 2515 1116 2578 i).
1134 2516 1289 2577 Beckium'

107 2658 112 2665 ·
158 2614 275 2694 tirum,
307 2618 336 2679 εἴ
363 2639 407 2689 τις
435 2613 540 2691 ἄλλος,
567 2616 729 2678 humanum
754 2640 791 2678 ae
814 2622 998 2699 modestum,
1025 2621 1078 2701 qui
1099 2612 1278 2703 epddeipwv

102 2714 112 2771 ss
159 2718 313 2801 ,ir-iatoph.
333 2719 409 2782 Avv.
433 2721 483 2783 37.
507 2731 654 2798 suaserat,
676 2722 776 2781 verbio
803 2722 974 2785 durioribus
991 2718 1185 2803 reprehendit
1202 2712 1276 2775 nei-

86 2822 91 2841 '
160 2816 249 2901 sigius
271 2820 292 2882 l.
315 2820 336 2879 l.
356 2842 387 2901 p.
408 2824 458 2887 30.
502 2822 588 2881 Falsa
608 2824 727 2903 quidem
747 2824 806 2882 ista
824 2825 921 2885 forms
946 2834 1007 2901 est,
1036 2819 1175 2901 quamvis
1194 2816 1274 2877 sirni-

160 2922 220 2980 lern
247 2916 465 3004 (κᾶυδαίμων)
488 2924 642 3011 Dawesius
667 2923 903 2987 commendasset
924 2926 1008 2987 Mine
1035 2923 1108 2985 cm.
1137 2943 1167 3001 p·
1186 2922 1273 2992 3⁰⁰„

165 3044 254 3101 quam
283 3024 361 3084 inter
381 3024 550 3102 Britannos¹
564 3026 715 3087 incuriose
742 3026 837 3087 tuitus
858 3036 904 3088 est
931 3029 1046 3087 Person
1070 3033 1101 3085 et
1124 3024 1158 3083 in
1178 3020 1271 3081 nostri

129 3118 130 3121 ¹
161 3124 241 3185 Plut.
258 3128 330 3191 652.
346 3126 477 3205 induxit,
499 3128 629 3187 Dobraeo
646 3128 780 3187 modeste
797 3136 923 3187 tacente.

133 3298 138 3315 ,
193 3300 196 3307 ,
244 3246 348 3305 Restat
375 3244 476 3305 adhuc
502 3245 635 3307 iudicare
659 3248 696 3307 de
720 3248 782 3307 iota
802 3244 997 3325 subscripto,
1024 3246 1108 3323 quod
1141 3254 1269 3324 tempore
1309 3243 1312 3252 '

160 3346 326 3409 recentiore
344 3350 377 3407 iu
399 3348 474 3407 erasi
500 3348 597 3407 denuo
621 3348 696 3427 poni
718 3358 859 3428 coeptum
877 3358 939 3426 est,
962 3346 1076 3407 etiamsi
1093 3346 1206 3429 syllaba
1222 3366 1267 3406 se-

162 3446 276 3523 cunda,
301 3449 461 3547 crasinon
482 3448 622 3523 admisse,
651 3448 710 3509 isto
732 3460 854 3511 cureret.
899 3450 1000 3525 Quum
1013 3460 1114 3511 temen
1139 3449 1190 3511 hie
1207 3468 1266 3511 mos

161 3548 271 3609 iterum
301 3550 468 3610 evanuisset
493 3560 523 3610 et
551 3557 669 3629 praeter
692 3552 879 3613 Friderieum
902 3554 1044 3628 fratrem,
1073 3573 1161 3633 quem
1179 3550 1265 3633 patris

160 3652 229 3712 loco
250 3652 359 3728 habeo,
378 3651 526 3711 neminem
549 3649 727 3731 invenisset,
748 3666 841 3735 prout
862 3654 1000 3727 memini,
1027 3665 1188 3734 patronum
1205 3654 1265 3713 ido-

161 3773 267 3831 neum,
289 3750 362 3811 alios
384 3752 519 3811 homines
541 3752 732 3813 introducam
753 3776 810 3836 pro
834 3776 881 3817 me
903 3755 1054 3817 docentes.
1094 3757 1165 3845 JIoo
1180 3772 1263 3815 unum

160 3854 307 3946 monitum
326 3852 426 3912 volui:
447 3862 549 3915 utrum
562 3853 624 3915 iota
647 3854 892 3920 subscribendum
906 3861 962 3938 sit,
983 3880 1022 3919 an
1039 3856 1260 3939 explodendum,

173 4132 869 4285 ·²⁴>nitranstertentum
892 4143 1082 4270 novin·
1100 4136 1258 4276 tent

237 4274 332 4335 Bacch.
351 4278 393 4338 49.
412 4276 555 4338 sentus.
