2784 4959
257 407 410 460 cumn
591 377 1050 460 consumtum

417 558 1200 658 deodepddprraaara'addraoaeaiaeaio'pea,

420 666 443 734 d
464 675 524 734 aria
545 665 660 752 ὀφείλω
682 669 734 737 dari
754 669 805 748 ai,
825 669 943 738 eorieaoa
964 679 1028 740 τόν
1046 679 1141 759 pqr-'v

420 765 479 838 caia
500 767 542 837 iia
562 771 715 856 rinodoiqa
734 767 853 840 odo*
831 799 872 839 ee
892 767 1001 858 o’doda'a
1024 768 1136 842 odtot

253 893 387 978 idque
376 911 478 974 rpaurn
507 913 565 974 per
590 903 685 955 totam
713 895 901 956 comoediam
931 898 1044 957 iterum
1067 897 1232 976 iterumque
1249 917 1266 954 a
1284 899 1344 977 peiu

253 998 404 1080 repetitur
432 1003 463 1057 et
484 995 665 1058 inculcatur.
708 997 873 1078 Propterea
894 999 1028 1062 Nubiuro
1046 999 1156 1063 cherua
1175 999 1345 1080 Strapaiadn

252 1101 295 1162 ita
316 1095 481 1180 alloquitur
494 1096 557 1178 Ἧι

419 1211 514 1291 «ὄιος
536 1207 650 1299 pto
610 1239 668 1282 ccv
689 1221 792 1304 campi
812 1216 852 1284 cai
872 1216 989 1286 terim
1009 1221 1123 1300 eirene,

419 1317 590 1402 στρέψας
611 1318 777 1385 σεαυτόν
799 1324 857 1400 eir
876 1322 1035 1407 πονηρὲ
1055 1319 1265 1409 npriypora.

250 1441 416 1523 Propterea
437 1438 504 1520 ipae
525 1437 563 1498 de
584 1457 616 1499 aa
638 1440 802 1520 respondet
823 1443 987 1524 pcrtea⁸⁸)

419 1557 519 1636 οἴμοι,
540 1553 661 1638 πονηρά
683 1551 717 1641 γ’
740 1551 768 1622 oi
789 1559 943 1640 Nreitca,
964 1563 1070 1626 diacre
1089 1557 1140 1626 di·

420 1655 458 1723 ου’
478 1653 537 1742 yo‘p
560 1652 596 1740 μ’
615 1657 706 1744 ἐχρῆν
726 1657 764 1726 eei
785 1657 923 1750 χρήμαθ,
937 1659 1173 1746 “ἆδανεισᾶμην,

419 1755 604 1847 oinoctepeiv.

208 1857 216 1866 ¹
250 1883 381 1946 Primam
403 1882 481 1944 enirn
503 1881 567 1942 eiua
588 1879 632 1943 rei
653 1881 840 1946 veluntatem
862 1905 902 1947 ex
922 1907 988 1948 aeae
1009 1886 1078 1969 ipae
1098 1883 1239 1946 hamerat
1261 1889 1286 1940 et
1304 1896 1340 1937 ao·

252 1995 389 2070 ceperat,
411 1985 586 2066 priusquam
608 2005 677 2045 cunr
699 1987 822 2049 Socrate
844 2007 908 2049 reae
929 1990 1136 2068 coniungeret.

337 2089 440 2164 Quare
470 2087 494 2148 ai
523 2087 634 2168 quibua
662 2087 851 2169 potiaaimuua
880 2093 956 2153 mair
986 2090 1222 2154 adoleacentium
1241 2081 1340 2145 conditio

252 2193 420 2278 opprobrio
449 2189 592 2251 vertenda
622 2189 679 2268 eit,
709 2191 903 2270 inquirimur:
931 2193 1060 2255 maxima
1089 2193 1199 2273 culpa,
1224 2195 1256 2248 ut
1273 2201 1338 2266 poem

251 2299 361 2378 culpae
382 2292 558 2376 properita,
589 2291 629 2352 ad
657 2302 761 2374 patrea
787 2295 931 2375 pertinet.
973 2297 1078 2358 Patrea
1101 2295 1199 2370 enim,
1225 2310 1255 2350 ea
1272 2293 1338 2346 aetate

251 2399 315 2462 nati
335 2397 534 2478 educatique,
556 2415 615 2476 qua
637 2395 720 2455 nuile
741 2415 859 2457 morum
883 2399 1038 2479 corruptio
1060 2397 1210 2458 civitatem
1228 2392 1339 2450 innunt

250 2501 461 2580 effeceratque,
483 2497 572 2578 primi
597 2517 614 2556 a
636 2498 737 2578 priacr
757 2495 881 2560 vivendi
902 2501 1018 2562 ratione
1031 2499 1221 2574 deiecerunt5
1239 2503 1265 2554 et
1280 2489 1337 2549 iatic-

136 2679 139 2689 .
250 2603 368 2664 ciarum
393 2599 600 2679 malarumque
630 2601 739 2660 artium
769 2602 876 2682 cupidi
903 2621 957 2665 aaa
984 2611 1070 2684 peete
1091 2600 1170 2660 filice
1186 2616 1253 2676 auca
1268 2587 1337 2668 inqui·

249 2711 369 2768 nerunt.
413 2699 507 2776 Quod
534 2711 635 2761 tamen
663 2721 813 2764 cummuni
835 2714 896 2783 eet,
925 2713 1025 2786 patrea
1046 2701 1249 2765 educationem
1265 2715 1279 2754 a
1295 2710 1335 2752 cr

249 2805 363 2868 iondue
384 2811 537 2885 acceptum
558 2803 763 2885 reliquerunt,
789 2806 913 2888 ipaique
935 2805 1085 2868 educandi
1105 2805 1184 2865 iiiior
1205 2802 1274 2863 viam
1287 2793 1336 2854 iaie·

249 2915 340 2982 runt,
370 2925 428 2986 qua
457 2905 609 2985 progreeri
641 2907 846 2970 adoieecentee
877 2908 1011 2970 omnium
1037 2907 1182 2968 vitiorum
1209 2900 1334 2963 aeauiw¹

248 3009 334 3072 icitia
355 3007 455 3070 animo
471 3017 662 3088 receperunt.
701 3009 774 3070 urm
794 3009 961 3072 liberorum
983 3003 1212 3072 educandorum
1230 3001 1335 3064 „tineo

247 3111 377 3194 primam
405 3109 475 3171 mcii
505 3129 640 3173 eruerem
662 3111 755 3172 fuieee
775 3109 993 3194 driatophonea
1014 3112 1148 3174 cenauit:
1178 3127 1240 3168 earn
1256 3105 1281 3162 in
1296 3095 1333 3158 Νι

178 3263 184 3274 .
246 3214 338 3278 bibua
368 3232 490 3294 quoque
518 3225 587 3276 ante
616 3213 674 3274 alia
703 3214 893 3277 accuraviaae
919 3215 1071 3297 putendua
1094 3223 1157 3286 eet;
1193 3211 1252 3272 eiaa
1267 3211 1333 3264 anteo

197 3353 201 3360 ·
248 3319 369 3399 culpam
390 3315 590 3378 'n180errtem
614 3315 786 3396 traducere,
808 3319 862 3398 qui
883 3317 1004 3377 adrdtoa
1022 3314 1231 3375 tautummodo
1247 3311 1332 3370 ierne

247 3422 282 3482 in
303 3417 492 3500 diaciplincm
514 3439 597 3478 auem
620 3421 753 3500 accepit,
784 3430 862 3482 eaaet
883 3418 1110 3480 iniuatieaimunr
1131 3417 1255 3492 sacinua,
1277 3400 1333 3488 quei

249 3543 267 3584 a
290 3529 394 3583 ncatre
419 3527 509 3600 poitr
534 3529 650 3580 tantum
671 3521 771 3599 abeat,
792 3531 938 3604 quantum
959 3522 997 3584 ab
1019 3522 1119 3582 animo
1140 3521 1204 3582 eiua
1223 3525 1331 3592 uuaqutt⁴

250 3643 310 3706 que
330 3621 447 3684 recedit
468 3623 565 3684 omnia
586 3625 703 3702 grueria
723 3623 880 3686 iniuatitia.
1342 3698 1343 3701 Ἴ

334 3725 388 3785 Hie
408 3723 498 3785 dictio
520 3745 579 3785 non
594 3725 710 3806 dubito,
732 3727 815 3807 quod
829 3725 954 3788 eentiarn
968 3725 1125 3787 affirmare.
1147 3725 1237 3786 Extrr
1251 3712 1343 3778 ennea*

248 3827 466 3890 dubitationem
487 3825 520 3886 id
542 3827 615 3888 mihi
636 3828 771 3908 poeitum
793 3849 858 3890 eaee
877 3827 1015 3900 videtur,
1038 3829 1160 3888 fabulae
1179 3825 1264 3885 totiua
1281 3831 1332 3875 ιω·

247 3953 328 3994 mam
349 3929 381 3992 in
402 3950 438 3991 ea
460 3929 595 3994 oratioue
617 3931 717 4012 cerni,
739 3953 801 4014 qua
820 3932 951 4016 priecam
972 3930 1121 3995 educendi
1141 3927 1273 3989 rationem
1289 3909 1342 3976 isi

248 4093 457 4108 ψ

264 4183 305 4256 ⁸¹)
322 4187 367 4242 Ar.
386 4184 474 4240 Nubb.
492 4201 518 4238 v.
536 4183 605 4244 1454
620 4203 676 4258 aeq.

265 4274 305 4345 Ι’)
320 4273 361 4330 id.
378 4272 417 4330 ib.
433 4291 460 4330 v.
478 4271 669 4334 tter-utut.
