<?xml version="1.0" encoding="UTF-8"?>
<!DOCTYPE html PUBLIC "-//W3C//DTD XHTML 1.0 Transitional//EN"
    "http://www.w3.org/TR/xhtml1/DTD/xhtml1-transitional.dtd">
<html xmlns="http://www.w3.org/1999/xhtml" xml:lang="en" lang="en">
 <head>
  <title>
</title>
<meta http-equiv="Content-Type" content="text/html;charset=utf-8" />
  <meta name='ocr-system' content='tesseract 3.04.00' />
  <meta name='ocr-capabilities' content='ocr_page ocr_carea ocr_par ocr_line ocrx_word'/>
</head>
<body>
  <div class='ocr_page' id='page_1' title='image "aristophanisplu00thiegoog_0192.png"; bbox 0 0 2784 4959; ppageno 0'>
   <div class='ocr_carea' id='block_1_1' title="bbox 172 344 1298 655">
    <p class='ocr_par' dir='ltr' id='par_1_1' title="bbox 172 328 1374 665">
     <span class='ocr_line' id='line_1_1' title="bbox 172 344 950 497; baseline 0.001 -39"><span class='ocrx_word' id='word_1_1' title='bbox 172 408 350 497; x_wconf 59' lang='lat' dir='ltr'><strong>cenem</strong></span> <span class='ocrx_word' id='word_1_2' title='bbox 508 344 950 462; x_wconf 69' lang='lat' dir='ltr'><strong>constent-Aulo</strong></span> 
     </span>
     <span class='ocr_line' id='line_1_2' title="bbox 173 566 1298 655; baseline -0.001 -21"><span class='ocrx_word' id='word_1_3' title='bbox 173 570 287 651; x_wconf 68' lang='lat' dir='ltr'><strong>umus,</strong></span> <span class='ocrx_word' id='word_1_4' title='bbox 304 571 371 655; x_wconf 57' lang='lat' dir='ltr'><strong>qur</strong></span> <span class='ocrx_word' id='word_1_5' title='bbox 391 569 549 654; x_wconf 70' lang='lat' dir='ltr'><strong>rutsppos</strong></span> <span class='ocrx_word' id='word_1_6' title='bbox 574 570 643 633; x_wconf 66' lang='lat' dir='ltr'><strong>sse</strong></span> <span class='ocrx_word' id='word_1_7' title='bbox 670 570 748 633; x_wconf 67' lang='lat' dir='ltr'><strong>seso</strong></span> <span class='ocrx_word' id='word_1_8' title='bbox 774 572 915 651; x_wconf 60' lang='lat' dir='ltr'><strong>pluisse·</strong></span> <span class='ocrx_word' id='word_1_9' title='bbox 941 568 1051 633; x_wconf 63' lang='lat' dir='ltr'><strong>rioms</strong></span> <span class='ocrx_word' id='word_1_10' title='bbox 1066 566 1133 652; x_wconf 55' lang='grc' dir='ltr'><strong>θ’),</strong></span> <span class='ocrx_word' id='word_1_11' title='bbox 1170 579 1298 652; x_wconf 67' lang='grc' dir='ltr'><strong><em>ιαμ..</em></strong></span> 
     </span>
    </p>
   </div>
   <div class='ocr_carea' id='block_1_2' title="bbox 144 672 1374 1815">
    <p class='ocr_par' dir='ltr' id='par_1_2' title="bbox 166 672 1374 1164">
     <span class='ocr_line' id='line_1_3' title="bbox 171 672 1374 778; baseline 0.001 -44"><span class='ocrx_word' id='word_1_12' title='bbox 171 674 303 755; x_wconf 77' lang='lat' dir='ltr'><strong>Dionyso</strong></span> <span class='ocrx_word' id='word_1_13' title='bbox 331 695 364 736; x_wconf 84' lang='lat' dir='ltr'><strong>se</strong></span> <span class='ocrx_word' id='word_1_14' title='bbox 389 678 535 737; x_wconf 85' lang='lat' dir='ltr'><strong>nutritum</strong></span> <span class='ocrx_word' id='word_1_15' title='bbox 563 694 630 735; x_wconf 85' lang='lat' dir='ltr'><strong>ease</strong></span> <span class='ocrx_word' id='word_1_16' title='bbox 655 674 800 753; x_wconf 80' lang='lat' dir='ltr'><strong>gloriatur</strong></span> <span class='ocrx_word' id='word_1_17' title='bbox 815 672 869 759; x_wconf 71' lang='lat'><strong>⁹¹).</strong></span> <span class='ocrx_word' id='word_1_18' title='bbox 912 674 1003 736; x_wconf 76' lang='lat' dir='ltr'><strong>Extat</strong></span> <span class='ocrx_word' id='word_1_19' title='bbox 1031 682 1140 735; x_wconf 77' lang='lat' dir='ltr'><strong>sutem</strong></span> <span class='ocrx_word' id='word_1_20' title='bbox 1169 674 1203 733; x_wconf 90' lang='lat' dir='ltr'><strong>in</strong></span> <span class='ocrx_word' id='word_1_21' title='bbox 1232 674 1303 778; x_wconf 45' lang='lat' dir='ltr'><strong>sit·</strong></span> <span class='ocrx_word' id='word_1_22' title='bbox 1373 672 1374 725; x_wconf 83' lang='lat' dir='ltr'><strong>l</strong></span> 
     </span>
     <span class='ocr_line' id='line_1_4' title="bbox 170 774 1374 858; baseline -0.001 -22"><span class='ocrx_word' id='word_1_23' title='bbox 170 776 322 857; x_wconf 76' lang='lat' dir='ltr'><strong>stephanis</strong></span> <span class='ocrx_word' id='word_1_24' title='bbox 340 778 404 838; x_wconf 82' lang='lat' dir='ltr'><strong>vita</strong></span> <span class='ocrx_word' id='word_1_25' title='bbox 426 778 462 837; x_wconf 89' lang='lat' dir='ltr'><strong>sb</strong></span> <span class='ocrx_word' id='word_1_26' title='bbox 485 798 633 857; x_wconf 80' lang='lat' dir='ltr'><strong>anonymo</strong></span> <span class='ocrx_word' id='word_1_27' title='bbox 655 778 803 857; x_wconf 88' lang='lat' dir='ltr'><strong>scriptore</strong></span> <span class='ocrx_word' id='word_1_28' title='bbox 821 776 955 858; x_wconf 80' lang='lat' dir='ltr'><strong>prolecto</strong></span> <span class='ocrx_word' id='word_1_29' title='bbox 975 776 1115 836; x_wconf 85' lang='lat' dir='ltr'><strong>narretio</strong></span> <span class='ocrx_word' id='word_1_30' title='bbox 1138 777 1296 856; x_wconf 80' lang='lat' dir='ltr'><strong>quaedam,</strong></span> <span class='ocrx_word' id='word_1_31' title='bbox 1373 774 1374 849; x_wconf 83' lang='lat'>3</span> 
     </span>
     <span class='ocr_line' id='line_1_5' title="bbox 169 878 1374 963; baseline 0.002 -26"><span class='ocrx_word' id='word_1_32' title='bbox 169 893 246 963; x_wconf 76' lang='lat' dir='ltr'><strong>quae</strong></span> <span class='ocrx_word' id='word_1_33' title='bbox 262 879 323 937; x_wconf 88' lang='lat' dir='ltr'><strong>ism</strong></span> <span class='ocrx_word' id='word_1_34' title='bbox 341 878 421 941; x_wconf 69' lang='lat' dir='ltr'><strong>tivo</strong></span> <span class='ocrx_word' id='word_1_35' title='bbox 434 886 523 961; x_wconf 70' lang='lat' dir='ltr'><strong>potita</strong></span> <span class='ocrx_word' id='word_1_36' title='bbox 545 880 584 940; x_wconf 90' lang='lat' dir='ltr'><strong>de</strong></span> <span class='ocrx_word' id='word_1_37' title='bbox 603 889 691 961; x_wconf 87' lang='lat' dir='ltr'><strong>patre</strong></span> <span class='ocrx_word' id='word_1_38' title='bbox 712 878 864 941; x_wconf 85' lang='lat' dir='ltr'><strong>malitiose</strong></span> <span class='ocrx_word' id='word_1_39' title='bbox 880 878 1049 939; x_wconf 81' lang='lat' dir='ltr'><strong>dubitetum</strong></span> <span class='ocrx_word' id='word_1_40' title='bbox 1063 898 1136 940; x_wconf 85' lang='lat' dir='ltr'><strong>ease</strong></span> <span class='ocrx_word' id='word_1_41' title='bbox 1153 878 1295 939; x_wconf 51' lang='lat' dir='ltr'><strong>¹ostendit</strong></span> <span class='ocrx_word' id='word_1_42' title='bbox 1373 890 1374 911; x_wconf 65' lang='lat'><strong>³</strong></span> 
     </span>
     <span class='ocr_line' id='line_1_6' title="bbox 166 970 1374 1063; baseline 0.007 -24"><span class='ocrx_word' id='word_1_43' title='bbox 166 979 197 1039; x_wconf 87' lang='lat' dir='ltr'><strong>Ia</strong></span> <span class='ocrx_word' id='word_1_44' title='bbox 223 981 316 1059; x_wconf 78' lang='lat' dir='ltr'><strong>igitur</strong></span> <span class='ocrx_word' id='word_1_45' title='bbox 342 980 385 1040; x_wconf 88' lang='lat' dir='ltr'><strong>ita</strong></span> <span class='ocrx_word' id='word_1_46' title='bbox 414 970 668 1061; x_wconf 67' lang='lat' dir='ltr'><strong>loquitnr‚&#39;,‚oie</strong></span> <span class='ocrx_word' id='word_1_47' title='bbox 694 980 782 1057; x_wconf 77' lang='grc' dir='ltr'><strong><em>ξένον</em></strong></span> <span class='ocrx_word' id='word_1_48' title='bbox 812 979 846 1045; x_wconf 78' lang='lat' dir='ltr'><strong>tt</strong></span> <span class='ocrx_word' id='word_1_49' title='bbox 866 975 961 1045; x_wconf 77' lang='grc' dir='ltr'><strong><em>αόνόν</em></strong></span> <span class='ocrx_word' id='word_1_50' title='bbox 985 980 1064 1063; x_wconf 71' lang='grc' dir='ltr'><strong><em>ἔλεγε</em></strong></span> <span class='ocrx_word' id='word_1_51' title='bbox 1088 970 1295 1061; x_wconf 72' lang='lat' dir='ltr'><strong>(Ktinvl-</strong></span> <span class='ocrx_word' id='word_1_52' title='bbox 1373 1044 1374 1047; x_wconf 74' lang='grc'>,</span> 
     </span>
     <span class='ocr_line' id='line_1_7' title="bbox 168 1076 1254 1164; baseline 0.002 -19"><span class='ocrx_word' id='word_1_53' title='bbox 168 1076 365 1164; x_wconf 70' lang='grc' dir='ltr'><strong><em>ἅπαλνθῆναι</em></strong></span> <span class='ocrx_word' id='word_1_54' title='bbox 386 1076 419 1146; x_wconf 80' lang='grc' dir='ltr'><strong>δ’</strong></span> <span class='ocrx_word' id='word_1_55' title='bbox 440 1077 535 1148; x_wconf 73' lang='lat' dir='ltr'><strong>osirin</strong></span> <span class='ocrx_word' id='word_1_56' title='bbox 556 1080 680 1148; x_wconf 73' lang='lat' dir='ltr'><strong>timim</strong></span> <span class='ocrx_word' id='word_1_57' title='bbox 701 1078 825 1159; x_wconf 72' lang='grc' dir='ltr'><strong><em>όστείας</em></strong></span> <span class='ocrx_word' id='word_1_58' title='bbox 845 1082 878 1147; x_wconf 83' lang='lat' dir='ltr'><strong>hs</strong></span> <span class='ocrx_word' id='word_1_59' title='bbox 899 1087 960 1149; x_wconf 78' lang='lat' dir='ltr'><strong>suiv</strong></span> <span class='ocrx_word' id='word_1_60' title='bbox 980 1077 1121 1164; x_wconf 76' lang='grc' dir='ltr'>Ὀμήρου</span> <span class='ocrx_word' id='word_1_61' title='bbox 1142 1088 1254 1147; x_wconf 73' lang='grc' dir='ltr'><strong><em>ταῦτα·</em></strong></span> 
     </span>
    </p>

    <p class='ocr_par' dir='ltr' id='par_1_3' title="bbox 295 1194 1159 1285">
     <span class='ocr_line' id='line_1_8' title="bbox 295 1194 1159 1285; baseline 0.001 -20"><span class='ocrx_word' id='word_1_62' title='bbox 295 1197 392 1285; x_wconf 78' lang='grc' dir='ltr'><em>μήτηρ</em></span> <span class='ocrx_word' id='word_1_63' title='bbox 414 1202 470 1283; x_wconf 73' lang='grc' dir='ltr'><strong>μέν</strong></span> <span class='ocrx_word' id='word_1_64' title='bbox 490 1202 522 1267; x_wconf 74' lang='grc' dir='ltr'><strong>τό</strong></span> <span class='ocrx_word' id='word_1_65' title='bbox 546 1202 583 1285; x_wconf 74' lang='grc' dir='ltr'><strong>μέ</strong></span> <span class='ocrx_word' id='word_1_66' title='bbox 607 1222 682 1284; x_wconf 79' lang='grc' dir='ltr'><strong><em>φησι</em></strong></span> <span class='ocrx_word' id='word_1_67' title='bbox 705 1206 761 1266; x_wconf 78' lang='grc' dir='ltr'><strong>τοῦ</strong></span> <span class='ocrx_word' id='word_1_68' title='bbox 781 1202 918 1284; x_wconf 68' lang='grc' dir='ltr'><strong>ἔμμεναι·</strong></span> <span class='ocrx_word' id='word_1_69' title='bbox 941 1194 1035 1284; x_wconf 75' lang='lat' dir='ltr'><strong>adrolo</strong></span> <span class='ocrx_word' id='word_1_70' title='bbox 1058 1202 1159 1285; x_wconf 69' lang='grc' dir='ltr'><strong><em>ἔγωγε</em></strong></span> 
     </span>
    </p>

    <p class='ocr_par' dir='ltr' id='par_1_4' title="bbox 144 1297 1291 1815">
     <span class='ocr_line' id='line_1_9' title="bbox 294 1297 1166 1389; baseline 0 -22"><span class='ocrx_word' id='word_1_71' title='bbox 294 1297 353 1367; x_wconf 75' lang='lat' dir='ltr'><strong>usin</strong></span> <span class='ocrx_word' id='word_1_72' title='bbox 372 1300 450 1369; x_wconf 83' lang='lat' dir='ltr'><strong>oid’·</strong></span> <span class='ocrx_word' id='word_1_73' title='bbox 472 1301 512 1370; x_wconf 87' lang='grc' dir='ltr'><strong>ου’</strong></span> <span class='ocrx_word' id='word_1_74' title='bbox 530 1300 588 1389; x_wconf 72' lang='grc' dir='ltr'><strong>γάρ</strong></span> <span class='ocrx_word' id='word_1_75' title='bbox 607 1302 657 1369; x_wconf 78' lang='grc' dir='ltr'><strong>πό</strong></span> <span class='ocrx_word' id='word_1_76' title='bbox 676 1328 722 1380; x_wconf 76' lang='grc' dir='ltr'><strong>τις</strong></span> <span class='ocrx_word' id='word_1_77' title='bbox 741 1301 795 1367; x_wconf 73' lang='grc' dir='ltr'><strong>ἑόν</strong></span> <span class='ocrx_word' id='word_1_78' title='bbox 814 1299 908 1385; x_wconf 72' lang='grc' dir='ltr'><strong><em>γόνον</em></strong></span> <span class='ocrx_word' id='word_1_79' title='bbox 929 1297 1018 1379; x_wconf 66' lang='lat' dir='ltr'><strong>ariade</strong></span> <span class='ocrx_word' id='word_1_80' title='bbox 1038 1298 1166 1387; x_wconf 67' lang='grc' dir='ltr'><strong><em>ἀνέγνω</em></strong></span> 
     </span>
     <span class='ocr_line' id='line_1_10' title="bbox 167 1415 1290 1507; baseline -0.004 -22"><span class='ocrx_word' id='word_1_81' title='bbox 167 1415 308 1505; x_wconf 76' lang='grc' dir='ltr'><strong>δεύτερον</strong></span> <span class='ocrx_word' id='word_1_82' title='bbox 329 1422 363 1487; x_wconf 67' lang='grc' dir='ltr'><strong>δὲ</strong></span> <span class='ocrx_word' id='word_1_83' title='bbox 383 1424 434 1489; x_wconf 71' lang='grc' dir='ltr'><strong>καὶ</strong></span> <span class='ocrx_word' id='word_1_84' title='bbox 455 1426 555 1507; x_wconf 64' lang='grc' dir='ltr'><strong><em>τρίτον</em></strong></span> <span class='ocrx_word' id='word_1_85' title='bbox 576 1422 821 1505; x_wconf 56' lang='lat' dir='ltr'><strong>consummeris</strong></span> <span class='ocrx_word' id='word_1_86' title='bbox 842 1416 1008 1505; x_wconf 65' lang='lat' dir='ltr'><strong>rinionyef‘</strong></span> <span class='ocrx_word' id='word_1_87' title='bbox 1029 1422 1206 1503; x_wconf 81' lang='lat' dir='ltr'><strong>Unicuique</strong></span> <span class='ocrx_word' id='word_1_88' title='bbox 1221 1422 1290 1483; x_wconf 83' lang='lat' dir='ltr'><strong>hss&#39;c</strong></span> 
     </span>
     <span class='ocr_line' id='line_1_11' title="bbox 144 1522 1291 1609; baseline 0.003 -29"><span class='ocrx_word' id='word_1_89' title='bbox 144 1522 274 1603; x_wconf 86' lang='lat' dir='ltr'><strong>.legenti</strong></span> <span class='ocrx_word' id='word_1_90' title='bbox 301 1526 399 1605; x_wconf 88' lang='lat' dir='ltr'><strong>primo</strong></span> <span class='ocrx_word' id='word_1_91' title='bbox 429 1527 583 1607; x_wconf 74' lang='lat' dir='ltr'>apparebit</span> <span class='ocrx_word' id='word_1_92' title='bbox 612 1528 771 1609; x_wconf 79' lang='lat' dir='ltr'><strong>adspectu,</strong></span> <span class='ocrx_word' id='word_1_93' title='bbox 798 1526 840 1585; x_wconf 83' lang='lat' dir='ltr'><strong>ito</strong></span> <span class='ocrx_word' id='word_1_94' title='bbox 868 1544 931 1585; x_wconf 89' lang='lat' dir='ltr'><strong>sese</strong></span> <span class='ocrx_word' id='word_1_95' title='bbox 960 1524 1125 1587; x_wconf 83' lang='lat' dir='ltr'><strong>defendere</strong></span> <span class='ocrx_word' id='word_1_96' title='bbox 1150 1546 1213 1585; x_wconf 90' lang='lat' dir='ltr'><strong>non</strong></span> <span class='ocrx_word' id='word_1_97' title='bbox 1241 1546 1291 1607; x_wconf 89' lang='lat' dir='ltr'><strong>po-</strong></span> 
     </span>
     <span class='ocr_line' id='line_1_12' title="bbox 165 1626 1289 1707; baseline 0.001 -23"><span class='ocrx_word' id='word_1_98' title='bbox 165 1627 259 1688; x_wconf 87' lang='lat' dir='ltr'><strong>tuisse</strong></span> <span class='ocrx_word' id='word_1_99' title='bbox 284 1628 456 1706; x_wconf 78' lang='lat' dir='ltr'><strong>comicum,</strong></span> <span class='ocrx_word' id='word_1_100' title='bbox 486 1631 543 1688; x_wconf 89' lang='lat' dir='ltr'><strong>nisi</strong></span> <span class='ocrx_word' id='word_1_101' title='bbox 564 1630 619 1689; x_wconf 81' lang='lat' dir='ltr'><strong>teli</strong></span> <span class='ocrx_word' id='word_1_102' title='bbox 640 1652 657 1690; x_wconf 89' lang='lat' dir='ltr'><strong>a</strong></span> <span class='ocrx_word' id='word_1_103' title='bbox 680 1630 788 1689; x_wconf 86' lang='lat' dir='ltr'><strong>Cleone</strong></span> <span class='ocrx_word' id='word_1_104' title='bbox 809 1626 863 1687; x_wconf 89' lang='lat' dir='ltr'><strong>lite</strong></span> <span class='ocrx_word' id='word_1_105' title='bbox 884 1628 1018 1705; x_wconf 86' lang='lat' dir='ltr'><strong>intenta,</strong></span> <span class='ocrx_word' id='word_1_106' title='bbox 1052 1648 1122 1687; x_wconf 87' lang='lat' dir='ltr'><strong>enm</strong></span> <span class='ocrx_word' id='word_1_107' title='bbox 1148 1630 1202 1707; x_wconf 90' lang='lat' dir='ltr'><strong>qui</strong></span> <span class='ocrx_word' id='word_1_108' title='bbox 1231 1628 1289 1687; x_wconf 89' lang='lat' dir='ltr'><strong>eiua</strong></span> 
     </span>
     <span class='ocr_line' id='line_1_13' title="bbox 165 1706 1290 1815; baseline 0.001 -29"><span class='ocrx_word' id='word_1_109' title='bbox 165 1738 254 1809; x_wconf 83' lang='lat' dir='ltr'><strong>poter</strong></span> <span class='ocrx_word' id='word_1_110' title='bbox 274 1730 453 1807; x_wconf 85' lang='lat' dir='ltr'><strong>nominetur,</strong></span> <span class='ocrx_word' id='word_1_111' title='bbox 474 1752 535 1791; x_wconf 89' lang='lat' dir='ltr'><strong>non</strong></span> <span class='ocrx_word' id='word_1_112' title='bbox 558 1754 621 1793; x_wconf 88' lang='lat' dir='ltr'><strong>ease</strong></span> <span class='ocrx_word' id='word_1_113' title='bbox 642 1742 775 1815; x_wconf 77' lang='lat' dir='ltr'><strong>petrem5</strong></span> <span class='ocrx_word' id='word_1_114' title='bbox 797 1729 850 1790; x_wconf 88' lang='lat' dir='ltr'><strong>sed</strong></span> <span class='ocrx_word' id='word_1_115' title='bbox 867 1732 1057 1791; x_wconf 74' lang='lat' dir='ltr'><strong>consuevisse</strong></span> <span class='ocrx_word' id='word_1_116' title='bbox 1075 1706 1207 1790; x_wconf 77' lang='lat' dir='ltr'><strong>matrem</strong></span> <span class='ocrx_word' id='word_1_117' title='bbox 1227 1748 1290 1788; x_wconf 89' lang='lat' dir='ltr'><strong>cnm</strong></span> 
     </span>
    </p>
   </div>
   <div class='ocr_carea' id='block_1_3' title="bbox 46 1830 1289 1914">
    <p class='ocr_par' dir='ltr' id='par_1_5' title="bbox 46 1830 1289 1914">
     <span class='ocr_line' id='line_1_14' title="bbox 46 1830 1289 1914; baseline 0.001 -26"><span class='ocrx_word' id='word_1_118' title='bbox 46 1854 51 1865; x_wconf 90' lang='lat'><strong>·</strong></span> <span class='ocrx_word' id='word_1_119' title='bbox 166 1830 226 1889; x_wconf 83' lang='lat' dir='ltr'><strong>olio</strong></span> <span class='ocrx_word' id='word_1_120' title='bbox 256 1830 386 1910; x_wconf 83' lang='lat' dir='ltr'><strong>quodem</strong></span> <span class='ocrx_word' id='word_1_121' title='bbox 413 1832 549 1913; x_wconf 86' lang='lat' dir='ltr'><strong>homine,</strong></span> <span class='ocrx_word' id='word_1_122' title='bbox 577 1854 673 1914; x_wconf 84' lang='lat' dir='ltr'><strong>eoque</strong></span> <span class='ocrx_word' id='word_1_123' title='bbox 696 1832 854 1914; x_wconf 83' lang='lat' dir='ltr'><strong>peregrino</strong></span> <span class='ocrx_word' id='word_1_124' title='bbox 883 1854 939 1893; x_wconf 90' lang='lat' dir='ltr'><strong>neo</strong></span> <span class='ocrx_word' id='word_1_125' title='bbox 959 1834 991 1893; x_wconf 89' lang='lat' dir='ltr'><strong>in</strong></span> <span class='ocrx_word' id='word_1_126' title='bbox 1013 1832 1230 1894; x_wconf 76' lang='lat' dir='ltr'><strong>Atheniensem</strong></span> <span class='ocrx_word' id='word_1_127' title='bbox 1251 1832 1289 1890; x_wconf 87' lang='lat' dir='ltr'><strong>ci·</strong></span> 
     </span>
    </p>
   </div>
   <div class='ocr_carea' id='block_1_4' title="bbox 88 1930 1302 3675">
    <p class='ocr_par' dir='ltr' id='par_1_6' title="bbox 88 1930 1302 3367">
     <span class='ocr_line' id='line_1_15' title="bbox 164 1930 1287 2016; baseline 0.003 -27"><span class='ocrx_word' id='word_1_128' title='bbox 164 1930 288 1993; x_wconf 81' lang='lat' dir='ltr'><strong>vitutem</strong></span> <span class='ocrx_word' id='word_1_129' title='bbox 308 1944 443 2016; x_wconf 88' lang='lat' dir='ltr'><strong>recepto.</strong></span> <span class='ocrx_word' id='word_1_130' title='bbox 488 1938 563 1998; x_wconf 82' lang='lat' dir='ltr'><strong>Tota</strong></span> <span class='ocrx_word' id='word_1_131' title='bbox 583 1958 633 1997; x_wconf 88' lang='lat' dir='ltr'><strong>res</strong></span> <span class='ocrx_word' id='word_1_132' title='bbox 653 1946 689 1995; x_wconf 90' lang='lat' dir='ltr'><strong>ut</strong></span> <span class='ocrx_word' id='word_1_133' title='bbox 711 1944 756 1996; x_wconf 86' lang='lat' dir='ltr'><strong>est</strong></span> <span class='ocrx_word' id='word_1_134' title='bbox 776 1955 874 2014; x_wconf 88' lang='lat' dir='ltr'><strong>neque</strong></span> <span class='ocrx_word' id='word_1_135' title='bbox 896 1936 932 1994; x_wconf 82' lang='lat' dir='ltr'><strong>ab</strong></span> <span class='ocrx_word' id='word_1_136' title='bbox 954 1935 1189 1997; x_wconf 82' lang='lat' dir='ltr'><strong>Atheniensium</strong></span> <span class='ocrx_word' id='word_1_137' title='bbox 1210 1953 1287 1995; x_wconf 89' lang='lat' dir='ltr'><strong>more</strong></span> 
     </span>
     <span class='ocr_line' id='line_1_16' title="bbox 165 2032 1285 2117; baseline 0.001 -25"><span class='ocrx_word' id='word_1_138' title='bbox 165 2032 276 2111; x_wconf 85' lang='lat' dir='ltr'><strong>aliene,</strong></span> <span class='ocrx_word' id='word_1_139' title='bbox 302 2056 400 2117; x_wconf 88' lang='lat' dir='ltr'><strong>neque</strong></span> <span class='ocrx_word' id='word_1_140' title='bbox 420 2039 537 2100; x_wconf 78' lang='lat' dir='ltr'><strong>Cleonis</strong></span> <span class='ocrx_word' id='word_1_141' title='bbox 558 2038 654 2098; x_wconf 89' lang='lat' dir='ltr'><strong>indoli</strong></span> <span class='ocrx_word' id='word_1_142' title='bbox 682 2058 719 2097; x_wconf 86' lang='lat' dir='ltr'><strong>ac</strong></span> <span class='ocrx_word' id='word_1_143' title='bbox 739 2047 864 2097; x_wconf 76' lang='lat' dir='ltr'><strong>naturae</strong></span> <span class='ocrx_word' id='word_1_144' title='bbox 884 2058 945 2097; x_wconf 88' lang='lat' dir='ltr'><strong>non</strong></span> <span class='ocrx_word' id='word_1_145' title='bbox 970 2038 1220 2117; x_wconf 79' lang='lat' dir='ltr'><strong>accommodata3</strong></span> <span class='ocrx_word' id='word_1_146' title='bbox 1248 2036 1285 2094; x_wconf 87' lang='lat' dir='ltr'><strong>its</strong></span> 
     </span>
     <span class='ocr_line' id='line_1_17' title="bbox 88 2136 1285 2221; baseline 0.001 -26"><span class='ocrx_word' id='word_1_147' title='bbox 88 2143 93 2157; x_wconf 94' lang='lat'>&#39;</span> <span class='ocrx_word' id='word_1_148' title='bbox 163 2136 302 2217; x_wconf 88' lang='lat' dir='ltr'><strong>pluribus</strong></span> <span class='ocrx_word' id='word_1_149' title='bbox 332 2143 512 2221; x_wconf 77' lang='lat' dir='ltr'><strong>argumentis</strong></span> <span class='ocrx_word' id='word_1_150' title='bbox 542 2140 713 2202; x_wconf 82' lang='lat' dir='ltr'><strong>confirmari</strong></span> <span class='ocrx_word' id='word_1_151' title='bbox 739 2140 870 2201; x_wconf 85' lang='lat' dir='ltr'><strong>videtur.</strong></span> <span class='ocrx_word' id='word_1_152' title='bbox 919 2142 964 2198; x_wconf 78' lang='lat' dir='ltr'><strong>Ao</strong></span> <span class='ocrx_word' id='word_1_153' title='bbox 998 2140 1136 2219; x_wconf 86' lang='lat' dir='ltr'><strong>primum</strong></span> <span class='ocrx_word' id='word_1_154' title='bbox 1170 2138 1285 2220; x_wconf 88' lang='lat' dir='ltr'><strong>quidem</strong></span> 
     </span>
     <span class='ocr_line' id='line_1_18' title="bbox 163 2241 1285 2323; baseline -0.001 -24"><span class='ocrx_word' id='word_1_155' title='bbox 163 2241 303 2321; x_wconf 84' lang='lat' dir='ltr'><strong>scriptor,</strong></span> <span class='ocrx_word' id='word_1_156' title='bbox 326 2244 457 2323; x_wconf 88' lang='lat' dir='ltr'><strong>quirem</strong></span> <span class='ocrx_word' id='word_1_157' title='bbox 474 2246 576 2323; x_wconf 80' lang='lat' dir='ltr'><strong>refert,</strong></span> <span class='ocrx_word' id='word_1_158' title='bbox 598 2266 662 2306; x_wconf 84' lang='lat' dir='ltr'><strong>enm</strong></span> <span class='ocrx_word' id='word_1_159' title='bbox 684 2244 721 2304; x_wconf 87' lang='lat' dir='ltr'><strong>ab</strong></span> <span class='ocrx_word' id='word_1_160' title='bbox 743 2243 809 2303; x_wconf 86' lang='lat' dir='ltr'><strong>sliis</strong></span> <span class='ocrx_word' id='word_1_161' title='bbox 830 2241 1019 2303; x_wconf 85' lang='lat' dir='ltr'><strong>doctioribus</strong></span> <span class='ocrx_word' id='word_1_162' title='bbox 1039 2243 1113 2305; x_wconf 89' lang='lat' dir='ltr'><strong>ideo</strong></span> <span class='ocrx_word' id='word_1_163' title='bbox 1136 2242 1285 2323; x_wconf 75' lang='lat' dir='ltr'><strong>accepisse</strong></span> 
     </span>
     <span class='ocr_line' id='line_1_19' title="bbox 162 2343 1286 2429; baseline -0.003 -25"><span class='ocrx_word' id='word_1_164' title='bbox 162 2344 298 2422; x_wconf 71' lang='lat' dir='ltr'><strong>videtur,</strong></span> <span class='ocrx_word' id='word_1_165' title='bbox 326 2344 398 2425; x_wconf 88' lang='lat' dir='ltr'><strong>quie</strong></span> <span class='ocrx_word' id='word_1_166' title='bbox 418 2368 480 2408; x_wconf 88' lang='lat' dir='ltr'><strong>non</strong></span> <span class='ocrx_word' id='word_1_167' title='bbox 500 2346 663 2409; x_wconf 82' lang='lat' dir='ltr'><strong>intellexit:</strong></span> <span class='ocrx_word' id='word_1_168' title='bbox 692 2348 805 2429; x_wconf 81' lang='lat' dir='ltr'><strong>quippe</strong></span> <span class='ocrx_word' id='word_1_169' title='bbox 827 2346 880 2427; x_wconf 88' lang='lat' dir='ltr'><strong>qui</strong></span> <span class='ocrx_word' id='word_1_170' title='bbox 901 2355 1061 2427; x_wconf 77' lang='lat' dir='ltr'><strong>propterea</strong></span> <span class='ocrx_word' id='word_1_171' title='bbox 1083 2347 1135 2407; x_wconf 89' lang='lat' dir='ltr'><strong>ius</strong></span> <span class='ocrx_word' id='word_1_172' title='bbox 1159 2343 1286 2406; x_wconf 83' lang='lat' dir='ltr'><strong>civitatis</strong></span> 
     </span>
     <span class='ocr_line' id='line_1_20' title="bbox 162 2440 1284 2530; baseline -0.001 -25"><span class='ocrx_word' id='word_1_173' title='bbox 162 2454 271 2527; x_wconf 68' lang='lat' dir='ltr'><strong>podiae</strong></span> <span class='ocrx_word' id='word_1_174' title='bbox 293 2468 357 2509; x_wconf 87' lang='lat' dir='ltr'><strong>esse</strong></span> <span class='ocrx_word' id='word_1_175' title='bbox 377 2448 584 2530; x_wconf 84' lang='lat' dir='ltr'><strong>impugnatum</strong></span> <span class='ocrx_word' id='word_1_176' title='bbox 607 2450 726 2525; x_wconf 84' lang='lat' dir='ltr'><strong>credet,</strong></span> <span class='ocrx_word' id='word_1_177' title='bbox 747 2440 997 2529; x_wconf 75' lang='lat' dir='ltr'><strong>quio&#39;Philippus</strong></span> <span class='ocrx_word' id='word_1_178' title='bbox 1012 2446 1161 2527; x_wconf 66' lang='lat' dir='ltr'><strong>Aeginetae</strong></span> <span class='ocrx_word' id='word_1_179' title='bbox 1181 2446 1284 2521; x_wconf 80' lang='lat' dir='ltr'><strong>luerit3</strong></span> 
     </span>
     <span class='ocr_line' id='line_1_21' title="bbox 161 2548 1283 2630; baseline -0.004 -20"><span class='ocrx_word' id='word_1_180' title='bbox 161 2559 193 2610; x_wconf 86' lang='lat' dir='ltr'><strong>et</strong></span> <span class='ocrx_word' id='word_1_181' title='bbox 220 2560 287 2610; x_wconf 90' lang='lat' dir='ltr'><strong>tum</strong></span> <span class='ocrx_word' id='word_1_182' title='bbox 313 2550 394 2610; x_wconf 86' lang='lat' dir='ltr'><strong>hanc</strong></span> <span class='ocrx_word' id='word_1_183' title='bbox 416 2552 617 2611; x_wconf 76' lang='lat' dir='ltr'><strong>narrationem</strong></span> <span class='ocrx_word' id='word_1_184' title='bbox 638 2548 789 2630; x_wconf 78' lang='lat' dir='ltr'><strong>proferat,</strong></span> <span class='ocrx_word' id='word_1_185' title='bbox 821 2568 879 2627; x_wconf 85' lang='lat' dir='ltr'><strong>qua</strong></span> <span class='ocrx_word' id='word_1_186' title='bbox 902 2570 918 2607; x_wconf 87' lang='lat' dir='ltr'><strong>a</strong></span> <span class='ocrx_word' id='word_1_187' title='bbox 940 2550 1047 2609; x_wconf 86' lang='lat' dir='ltr'><strong>Cleons</strong></span> <span class='ocrx_word' id='word_1_188' title='bbox 1068 2550 1151 2611; x_wconf 91' lang='lat' dir='ltr'><strong>nihil</strong></span> <span class='ocrx_word' id='word_1_189' title='bbox 1173 2548 1283 2617; x_wconf 83' lang='lat' dir='ltr'><strong>dubita·</strong></span> 
     </span>
     <span class='ocr_line' id='line_1_22' title="bbox 160 2650 1281 2735; baseline 0.002 -24"><span class='ocrx_word' id='word_1_190' title='bbox 160 2652 252 2712; x_wconf 86' lang='lat' dir='ltr'><strong>tionis</strong></span> <span class='ocrx_word' id='word_1_191' title='bbox 280 2652 319 2712; x_wconf 91' lang='lat' dir='ltr'><strong>de</strong></span> <span class='ocrx_word' id='word_1_192' title='bbox 341 2651 473 2735; x_wconf 85' lang='lat' dir='ltr'><strong>Philippi</strong></span> <span class='ocrx_word' id='word_1_193' title='bbox 501 2655 567 2713; x_wconf 89' lang='lat' dir='ltr'><strong>iure</strong></span> <span class='ocrx_word' id='word_1_194' title='bbox 594 2661 707 2713; x_wconf 90' lang='lat' dir='ltr'><strong>motum</strong></span> <span class='ocrx_word' id='word_1_195' title='bbox 738 2658 798 2727; x_wconf 90' lang='lat' dir='ltr'><strong>est,</strong></span> <span class='ocrx_word' id='word_1_196' title='bbox 830 2650 883 2709; x_wconf 87' lang='lat' dir='ltr'><strong>sed</strong></span> <span class='ocrx_word' id='word_1_197' title='bbox 910 2650 947 2711; x_wconf 90' lang='lat' dir='ltr'><strong>de</strong></span> <span class='ocrx_word' id='word_1_198' title='bbox 974 2652 1041 2711; x_wconf 88' lang='lat' dir='ltr'><strong>iure</strong></span> <span class='ocrx_word' id='word_1_199' title='bbox 1059 2650 1281 2734; x_wconf 76' lang='lat' dir='ltr'><strong>Aristophanis.</strong></span> 
     </span>
     <span class='ocr_line' id='line_1_23' title="bbox 160 2746 1302 2835; baseline -0.002 -22"><span class='ocrx_word' id='word_1_200' title='bbox 160 2754 236 2814; x_wconf 84' lang='lat' dir='ltr'><strong>Deio</strong></span> <span class='ocrx_word' id='word_1_201' title='bbox 258 2752 400 2813; x_wconf 76' lang='lat' dir='ltr'><strong>cohaeret</strong></span> <span class='ocrx_word' id='word_1_202' title='bbox 420 2754 485 2815; x_wconf 87' lang='lat' dir='ltr'><strong>sine</strong></span> <span class='ocrx_word' id='word_1_203' title='bbox 507 2754 607 2833; x_wconf 88' lang='lat' dir='ltr'><strong>dubio,</strong></span> <span class='ocrx_word' id='word_1_204' title='bbox 631 2752 714 2835; x_wconf 89' lang='lat' dir='ltr'><strong>quod</strong></span> <span class='ocrx_word' id='word_1_205' title='bbox 730 2752 835 2813; x_wconf 87' lang='lat' dir='ltr'><strong>Snidas</strong></span> <span class='ocrx_word' id='word_1_206' title='bbox 857 2754 983 2815; x_wconf 79' lang='lat' dir='ltr'><strong>tradidit</strong></span> <span class='ocrx_word' id='word_1_207' title='bbox 1003 2752 1116 2831; x_wconf 65' lang='lat' dir='ltr'><strong>„sassie</strong></span> <span class='ocrx_word' id='word_1_208' title='bbox 1139 2753 1173 2819; x_wconf 77' lang='lat' dir='ltr'><strong>dl</strong></span> <span class='ocrx_word' id='word_1_209' title='bbox 1195 2746 1302 2817; x_wconf 78' lang='grc' dir='ltr'><strong><em>αότόν·</em></strong></span> 
     </span>
     <span class='ocr_line' id='line_1_24' title="bbox 159 2850 1281 2941; baseline -0.008 -21"><span class='ocrx_word' id='word_1_210' title='bbox 159 2856 212 2920; x_wconf 74' lang='grc' dir='ltr'><strong>καὶ</strong></span> <span class='ocrx_word' id='word_1_211' title='bbox 233 2850 404 2919; x_wconf 76' lang='grc' dir='ltr'><strong><em>όπόδονλον</em></strong></span> <span class='ocrx_word' id='word_1_212' title='bbox 425 2852 636 2941; x_wconf 71' lang='grc' dir='ltr'><strong><em>ἴστορήκασι.“</em></strong></span> <span class='ocrx_word' id='word_1_213' title='bbox 678 2856 814 2935; x_wconf 88' lang='lat' dir='ltr'><strong>Denique</strong></span> <span class='ocrx_word' id='word_1_214' title='bbox 836 2856 872 2915; x_wconf 84' lang='lat' dir='ltr'><strong>sb</strong></span> <span class='ocrx_word' id='word_1_215' title='bbox 894 2857 962 2938; x_wconf 87' lang='lat' dir='ltr'><strong>ipso</strong></span> <span class='ocrx_word' id='word_1_216' title='bbox 983 2855 1189 2938; x_wconf 78' lang='lat' dir='ltr'><strong>Aristophane</strong></span> <span class='ocrx_word' id='word_1_217' title='bbox 1212 2874 1281 2914; x_wconf 79' lang='lat' dir='ltr'><strong>oon-</strong></span> 
     </span>
     <span class='ocr_line' id='line_1_25' title="bbox 158 2956 1278 3039; baseline -0.007 -20"><span class='ocrx_word' id='word_1_218' title='bbox 158 2960 306 3031; x_wconf 81' lang='lat' dir='ltr'><strong>firmatur,</strong></span> <span class='ocrx_word' id='word_1_219' title='bbox 333 2960 442 3039; x_wconf 83' lang='lat' dir='ltr'><strong>quiex</strong></span> <span class='ocrx_word' id='word_1_220' title='bbox 462 2956 594 3028; x_wconf 82' lang='lat' dir='ltr'><strong>hsclite</strong></span> <span class='ocrx_word' id='word_1_221' title='bbox 614 2964 723 3039; x_wconf 70' lang='lat' dir='ltr'><strong>poetae</strong></span> <span class='ocrx_word' id='word_1_222' title='bbox 745 2978 762 3017; x_wconf 90' lang='lat' dir='ltr'><strong>o</strong></span> <span class='ocrx_word' id='word_1_223' title='bbox 784 2956 893 3017; x_wconf 88' lang='lat' dir='ltr'><strong>Cleone</strong></span> <span class='ocrx_word' id='word_1_224' title='bbox 913 2958 995 3019; x_wconf 87' lang='lat' dir='ltr'><strong>illata</strong></span> <span class='ocrx_word' id='word_1_225' title='bbox 1018 2957 1095 3018; x_wconf 88' lang='lat' dir='ltr'><strong>nihil</strong></span> <span class='ocrx_word' id='word_1_226' title='bbox 1121 2960 1181 3021; x_wconf 89' lang='lat' dir='ltr'><strong>nisi</strong></span> <span class='ocrx_word' id='word_1_227' title='bbox 1202 2958 1278 3017; x_wconf 89' lang='lat' dir='ltr'><strong>iocos</strong></span> 
     </span>
     <span class='ocr_line' id='line_1_26' title="bbox 101 3058 1278 3143; baseline -0.004 -21"><span class='ocrx_word' id='word_1_228' title='bbox 101 3060 105 3068; x_wconf 87' lang='lat'>&#39;</span> <span class='ocrx_word' id='word_1_229' title='bbox 159 3071 191 3122; x_wconf 90' lang='lat' dir='ltr'><strong>et</strong></span> <span class='ocrx_word' id='word_1_230' title='bbox 211 3061 334 3123; x_wconf 83' lang='lat' dir='ltr'><strong>secetios</strong></span> <span class='ocrx_word' id='word_1_231' title='bbox 355 3070 545 3142; x_wconf 77' lang='lat' dir='ltr'><strong>exspectasse</strong></span> <span class='ocrx_word' id='word_1_232' title='bbox 565 3058 718 3139; x_wconf 88' lang='lat' dir='ltr'><strong>homines,</strong></span> <span class='ocrx_word' id='word_1_233' title='bbox 746 3060 780 3121; x_wconf 90' lang='lat' dir='ltr'><strong>in</strong></span> <span class='ocrx_word' id='word_1_234' title='bbox 804 3060 911 3143; x_wconf 89' lang='lat' dir='ltr'><strong>Vespis</strong></span> <span class='ocrx_word' id='word_1_235' title='bbox 936 3060 1038 3123; x_wconf 83' lang='lat' dir='ltr'><strong>iabuls</strong></span> <span class='ocrx_word' id='word_1_236' title='bbox 1067 3059 1117 3123; x_wconf 89' lang='lat' dir='ltr'><strong>his</strong></span> <span class='ocrx_word' id='word_1_237' title='bbox 1146 3059 1278 3125; x_wconf 81' lang='lat' dir='ltr'><strong>versibus</strong></span> 
     </span>
     <span class='ocr_line' id='line_1_27' title="bbox 158 3166 292 3246; baseline 0 -19"><span class='ocrx_word' id='word_1_238' title='bbox 158 3166 292 3246; x_wconf 84' lang='lat' dir='ltr'><strong>rettulit,</strong></span> 
     </span>
     <span class='ocr_line' id='line_1_28' title="bbox 485 3276 774 3367; baseline -0.014 -16"><span class='ocrx_word' id='word_1_239' title='bbox 485 3278 534 3351; x_wconf 66' lang='grc' dir='ltr'><strong>ὅτ’</strong></span> <span class='ocrx_word' id='word_1_240' title='bbox 556 3276 774 3367; x_wconf 77' lang='grc' dir='ltr'><strong><em>όπεδειρόμην,</em></strong></span> 
     </span>
    </p>

    <p class='ocr_par' dir='ltr' id='par_1_7' title="bbox 285 3378 950 3471">
     <span class='ocr_line' id='line_1_29' title="bbox 285 3378 950 3471; baseline 0 -20"><span class='ocrx_word' id='word_1_241' title='bbox 285 3384 371 3470; x_wconf 66' lang='grc' dir='ltr'><strong><em>ἐκτός</em></strong></span> <span class='ocrx_word' id='word_1_242' title='bbox 391 3384 498 3469; x_wconf 67' lang='grc' dir='ltr'><strong><em>ἐγέλων</em></strong></span> <span class='ocrx_word' id='word_1_243' title='bbox 519 3386 593 3471; x_wconf 71' lang='grc' dir='ltr'><strong>μέγα</strong></span> <span class='ocrx_word' id='word_1_244' title='bbox 613 3380 778 3470; x_wconf 78' lang='grc' dir='ltr'><strong><em>κεκραγότα</em></strong></span> <span class='ocrx_word' id='word_1_245' title='bbox 798 3378 950 3467; x_wconf 59' lang='grc' dir='ltr'><strong>Ιδεόμενον</strong></span> 
     </span>
    </p>

    <p class='ocr_par' dir='ltr' id='par_1_8' title="bbox 284 3483 1081 3573">
     <span class='ocr_line' id='line_1_30' title="bbox 284 3483 1081 3573; baseline -0.003 -18"><span class='ocrx_word' id='word_1_246' title='bbox 284 3487 376 3555; x_wconf 75' lang='lat' dir='ltr'><strong>odilo</strong></span> <span class='ocrx_word' id='word_1_247' title='bbox 397 3483 451 3573; x_wconf 66' lang='grc' dir='ltr'><strong>ἄρ’</strong></span> <span class='ocrx_word' id='word_1_248' title='bbox 472 3489 546 3572; x_wconf 70' lang='grc' dir='ltr'><strong>ἐμοῦ</strong></span> <span class='ocrx_word' id='word_1_249' title='bbox 567 3489 674 3572; x_wconf 74' lang='grc' dir='ltr'><strong><em>μέλον,</em></strong></span> <span class='ocrx_word' id='word_1_250' title='bbox 694 3484 767 3553; x_wconf 76' lang='grc' dir='ltr'><strong><em>ὅσον</em></strong></span> <span class='ocrx_word' id='word_1_251' title='bbox 789 3486 824 3553; x_wconf 79' lang='grc' dir='ltr'><strong>δὲ</strong></span> <span class='ocrx_word' id='word_1_252' title='bbox 845 3483 939 3571; x_wconf 86' lang='grc' dir='ltr'><strong><em>μόνον</em></strong></span> <span class='ocrx_word' id='word_1_253' title='bbox 961 3484 1081 3553; x_wconf 67' lang='grc' dir='ltr'><strong><em>εἰδέναι-</em></strong></span> 
     </span>
    </p>

    <p class='ocr_par' dir='ltr' id='par_1_9' title="bbox 284 3584 1017 3675">
     <span class='ocr_line' id='line_1_31' title="bbox 284 3584 1017 3675; baseline -0.007 -18"><span class='ocrx_word' id='word_1_254' title='bbox 284 3587 478 3675; x_wconf 79' lang='grc' dir='ltr'><strong><em>σκωμμότιον</em></strong></span> <span class='ocrx_word' id='word_1_255' title='bbox 498 3593 530 3655; x_wconf 81' lang='lat' dir='ltr'><strong>ei</strong></span> <span class='ocrx_word' id='word_1_256' title='bbox 546 3590 619 3655; x_wconf 75' lang='lat' dir='ltr'><strong>nori</strong></span> <span class='ocrx_word' id='word_1_257' title='bbox 638 3614 668 3653; x_wconf 77' lang='lat' dir='ltr'><strong>ss</strong></span> <span class='ocrx_word' id='word_1_258' title='bbox 687 3584 870 3673; x_wconf 75' lang='grc' dir='ltr'><strong><em>θλιβόμενος</em></strong></span> <span class='ocrx_word' id='word_1_259' title='bbox 890 3591 1017 3673; x_wconf 66' lang='lat' dir='ltr'><strong>indulsi.</strong></span> 
     </span>
    </p>
   </div>
   <div class='ocr_carea' id='block_1_5' title="bbox 156 3702 1272 3997">
    <p class='ocr_par' dir='ltr' id='par_1_10' title="bbox 156 3702 1272 3997">
     <span class='ocr_line' id='line_1_32' title="bbox 156 3702 1272 3793; baseline -0.005 -20"><span class='ocrx_word' id='word_1_260' title='bbox 156 3712 211 3773; x_wconf 88' lang='lat' dir='ltr'><strong>His</strong></span> <span class='ocrx_word' id='word_1_261' title='bbox 234 3712 345 3771; x_wconf 77' lang='lat' dir='ltr'><strong>connais</strong></span> <span class='ocrx_word' id='word_1_262' title='bbox 367 3713 527 3790; x_wconf 89' lang='lat' dir='ltr'><strong>adductus,</strong></span> <span class='ocrx_word' id='word_1_263' title='bbox 549 3732 614 3773; x_wconf 84' lang='lat' dir='ltr'><strong>rens</strong></span> <span class='ocrx_word' id='word_1_264' title='bbox 636 3732 700 3772; x_wconf 88' lang='lat' dir='ltr'><strong>esse</strong></span> <span class='ocrx_word' id='word_1_265' title='bbox 721 3732 777 3793; x_wconf 86' lang='lat' dir='ltr'><strong>per</strong></span> <span class='ocrx_word' id='word_1_266' title='bbox 792 3732 825 3772; x_wconf 89' lang='lat' dir='ltr'><strong>ae</strong></span> <span class='ocrx_word' id='word_1_267' title='bbox 845 3732 905 3772; x_wconf 88' lang='lat' dir='ltr'><strong>non</strong></span> <span class='ocrx_word' id='word_1_268' title='bbox 920 3708 1150 3793; x_wconf 74' lang='lat' dir='ltr'><strong>improbandam</strong></span> <span class='ocrx_word' id='word_1_269' title='bbox 1166 3702 1272 3777; x_wconf 81' lang='lat' dir='ltr'><strong>cred03</strong></span> 
     </span>
     <span class='ocr_line' id='line_1_33' title="bbox 157 3802 1271 3894; baseline -0.004 -22"><span class='ocrx_word' id='word_1_270' title='bbox 157 3834 327 3894; x_wconf 86' lang='lat' dir='ltr'><strong>quanquam</strong></span> <span class='ocrx_word' id='word_1_271' title='bbox 348 3816 425 3876; x_wconf 89' lang='lat' dir='ltr'><strong>bene</strong></span> <span class='ocrx_word' id='word_1_272' title='bbox 446 3814 525 3889; x_wconf 89' lang='lat' dir='ltr'><strong>acio,</strong></span> <span class='ocrx_word' id='word_1_273' title='bbox 548 3814 587 3871; x_wconf 74' lang='lat' dir='ltr'><strong>‘in</strong></span> <span class='ocrx_word' id='word_1_274' title='bbox 607 3815 717 3874; x_wconf 85' lang='lat' dir='ltr'><strong>talibus</strong></span> <span class='ocrx_word' id='word_1_275' title='bbox 738 3813 830 3875; x_wconf 89' lang='lat' dir='ltr'><strong>rebus</strong></span> <span class='ocrx_word' id='word_1_276' title='bbox 851 3812 1057 3893; x_wconf 83' lang='lat' dir='ltr'><strong>excogitandis</strong></span> <span class='ocrx_word' id='word_1_277' title='bbox 1078 3822 1107 3872; x_wconf 89' lang='lat' dir='ltr'><strong>et</strong></span> <span class='ocrx_word' id='word_1_278' title='bbox 1129 3802 1271 3887; x_wconf 70' lang='lat' dir='ltr'><strong>fingendis</strong></span> 
     </span>
     <span class='ocr_line' id='line_1_34' title="bbox 157 3911 1271 3997; baseline -0.001 -22"><span class='ocrx_word' id='word_1_279' title='bbox 157 3919 288 3977; x_wconf 84' lang='lat' dir='ltr'><strong>Graecos</strong></span> <span class='ocrx_word' id='word_1_280' title='bbox 309 3918 439 3979; x_wconf 85' lang='lat' dir='ltr'><strong>maxime</strong></span> <span class='ocrx_word' id='word_1_281' title='bbox 458 3916 550 3978; x_wconf 84' lang='lat' dir='ltr'><strong>luisse</strong></span> <span class='ocrx_word' id='word_1_282' title='bbox 570 3916 760 3996; x_wconf 80' lang='lat' dir='ltr'><strong>ingeniosos,</strong></span> <span class='ocrx_word' id='word_1_283' title='bbox 782 3936 800 3975; x_wconf 81' lang='lat' dir='ltr'><strong>s</strong></span> <span class='ocrx_word' id='word_1_284' title='bbox 822 3915 931 3997; x_wconf 86' lang='lat' dir='ltr'><strong>quibus</strong></span> <span class='ocrx_word' id='word_1_285' title='bbox 953 3916 1070 3976; x_wconf 89' lang='lat' dir='ltr'><strong>nullum</strong></span> <span class='ocrx_word' id='word_1_286' title='bbox 1089 3911 1204 3974; x_wconf 79' lang='lat' dir='ltr'><strong>nullius</strong></span> <span class='ocrx_word' id='word_1_287' title='bbox 1223 3924 1271 3985; x_wconf 72' lang='grc' dir='ltr'><strong>εθ-</strong></span> 
     </span>
    </p>
   </div>
   <div class='ocr_carea' id='block_1_6' title="bbox 172 4150 1235 4337">
    <p class='ocr_par' dir='ltr' id='par_1_11' title="bbox 172 4150 1235 4337">
     <span class='ocr_line' id='line_1_35' title="bbox 172 4150 1228 4240; baseline -0.01 -14"><span class='ocrx_word' id='word_1_288' title='bbox 172 4174 211 4240; x_wconf 76' lang='grc'><strong>”)</strong></span> <span class='ocrx_word' id='word_1_289' title='bbox 229 4171 309 4226; x_wconf 77' lang='lat' dir='ltr'><strong>Arist</strong></span> <span class='ocrx_word' id='word_1_290' title='bbox 326 4174 393 4225; x_wconf 76' lang='lat' dir='ltr'><strong>Ars.</strong></span> <span class='ocrx_word' id='word_1_291' title='bbox 410 4170 518 4226; x_wconf 81' lang='lat' dir='ltr'><strong>v.1701</strong></span> <span class='ocrx_word' id='word_1_292' title='bbox 536 4176 565 4226; x_wconf 89' lang='lat' dir='ltr'><strong>et</strong></span> <span class='ocrx_word' id='word_1_293' title='bbox 580 4172 726 4239; x_wconf 70' lang='lat' dir='ltr'><strong>stuppeis,</strong></span> <span class='ocrx_word' id='word_1_294' title='bbox 748 4174 779 4228; x_wconf 84' lang='lat' dir='ltr'><strong>ut</strong></span> <span class='ocrx_word' id='word_1_295' title='bbox 794 4170 874 4227; x_wconf 84' lang='lat' dir='ltr'><strong>schol.</strong></span> <span class='ocrx_word' id='word_1_296' title='bbox 891 4169 925 4225; x_wconf 87' lang='lat' dir='ltr'><strong>ad</strong></span> <span class='ocrx_word' id='word_1_297' title='bbox 941 4168 1010 4225; x_wconf 85' lang='lat' dir='ltr'><strong>hono</strong></span> <span class='ocrx_word' id='word_1_298' title='bbox 1025 4150 1128 4223; x_wconf 66' lang='lat' dir='ltr'><strong>semum</strong></span> <span class='ocrx_word' id='word_1_299' title='bbox 1145 4160 1228 4219; x_wconf 73' lang='lat' dir='ltr'><strong>docet·</strong></span> 
     </span>
     <span class='ocr_line' id='line_1_36' title="bbox 173 4252 1235 4337; baseline -0.004 -25"><span class='ocrx_word' id='word_1_300' title='bbox 173 4258 210 4327; x_wconf 77' lang='lat'><strong>⁰³)</strong></span> <span class='ocrx_word' id='word_1_301' title='bbox 229 4258 267 4312; x_wconf 84' lang='lat' dir='ltr'><strong>ld.</strong></span> <span class='ocrx_word' id='word_1_302' title='bbox 285 4258 374 4312; x_wconf 82' lang='lat' dir='ltr'><strong>Nubb.</strong></span> <span class='ocrx_word' id='word_1_303' title='bbox 390 4258 443 4315; x_wconf 79' lang='lat'><strong>519</strong></span> <span class='ocrx_word' id='word_1_304' title='bbox 460 4253 521 4328; x_wconf 68' lang='lat' dir='ltr'><strong>„ssi</strong></span> <span class='ocrx_word' id='word_1_305' title='bbox 537 4256 588 4314; x_wconf 78' lang='lat' dir='ltr'><strong>sia</strong></span> <span class='ocrx_word' id='word_1_306' title='bbox 605 4257 761 4324; x_wconf 80' lang='grc' dir='ltr'><strong><em>Διόναααν,</em></strong></span> <span class='ocrx_word' id='word_1_307' title='bbox 777 4254 828 4337; x_wconf 73' lang='grc' dir='ltr'><strong>νόν</strong></span> <span class='ocrx_word' id='word_1_308' title='bbox 844 4252 1024 4327; x_wconf 71' lang='grc' dir='ltr'><strong>ἐκθρέψαντά</strong></span> <span class='ocrx_word' id='word_1_309' title='bbox 1040 4259 1108 4327; x_wconf 79' lang='grc' dir='ltr'><strong>μα.“</strong></span> <span class='ocrx_word' id='word_1_310' title='bbox 1234 4312 1235 4315; x_wconf 49' lang='lat'>,</span> 
     </span>
    </p>
   </div>
   <div class='ocr_carea' id='block_1_7' title="bbox 0 0 1396 4959">
    <p class='ocr_par' dir='ltr' id='par_1_12' title="bbox 0 0 1396 4959">
     <span class='ocr_line' id='line_1_37' title="bbox 0 0 1396 4959; baseline 0 6"><span class='ocrx_word' id='word_1_311' title='bbox 0 0 1396 4959; x_wconf 95' lang='lat' dir='ltr'><strong> </strong></span> 
     </span>
    </p>
   </div>
  </div>
 </body>
</html>
