2784 4959
187 390 294 443 casu
440 442 444 456 ,
490 399 494 405 ·
525 353 973 473 coMMuNTA'rto

96 632 98 644 Ι
188 575 247 637 qus
262 557 342 641 eras,
364 548 495 613 indolem
513 559 542 611 et
556 560 714 629 naturam,
734 570 796 631 quo
810 547 987 611 remotiora
1001 543 1039 605 ab
1051 562 1085 606 ea
1102 551 1222 605 aetate
1236 550 1341 623 ment,
1372 588 1376 595 -

188 676 223 719 eo
239 655 339 717 miuus
358 652 522 732 intelligere
548 662 701 734 poterent.
743 651 802 714 Sed
823 651 900 731 quid
921 649 1059 724 virorm
1078 647 1227 709 nomina
1254 668 1340 707 enu-

188 765 301 817 merare
320 752 445 831 attinet,
467 774 562 833 quum
581 774 697 835 semper
711 755 829 815 easdem
849 750 1073 813 criminationes
1094 768 1143 811 ex
1162 746 1211 809 iis
1235 766 1342 829 repe-

188 856 258 919 titas
278 855 454 917 audiamus?
476 856 561 917 Unus
581 865 679 933 extat,
708 856 761 935 qui
787 853 920 917 omnium
936 872 1084 933 personas
1102 851 1222 913 libens
1245 852 1283 911 in
1304 868 1338 909 se

117 1008 130 1019 -,
188 957 340 1039 suscipiet.
383 957 456 1017 Tam
472 956 630 1019 vehemens
651 966 697 1019 est
717 958 779 1019 eius
799 955 962 1022 iudicium!
984 963 1047 1014 tem
1061 972 1179 1014 severe
1205 952 1246 1013 in
1263 951 1337 1013 Ari·

187 1058 362 1141 stophenem
375 1059 483 1121 saevit!
505 1068 567 1120 tam
581 1055 705 1121 ardente
723 1059 824 1121 animo
839 1074 943 1119 omnes
963 1054 1098 1115 omnium
1118 1054 1262 1135 collegit
1278 1055 1333 1113 in·

188 1158 296 1241 eptiasl
322 1158 416 1221 Nemo
445 1178 509 1219 non
533 1146 752 1241 suspicabitur,
785 1159 823 1233 ds
844 1156 970 1220 Claudio
994 1158 1120 1217 Aeliano
1147 1176 1205 1217 me
1226 1154 1330 1237 loqui,

187 1260 308 1323 homine
327 1262 481 1341 llomsno,
498 1260 646 1343 scriptore
661 1260 778 1325 htticse
803 1260 968 1324 venustatis
991 1268 1023 1321 et
1052 1259 1234 1339 elegantiae
1262 1278 1329 1319 non

187 1384 312 1445 prorsus
335 1372 468 1445 experte.
511 1362 573 1439 Qui
599 1384 693 1443 quum
713 1362 876 1427 sacerdotis
901 1381 1013 1423 munus
1038 1364 1240 1445 suscepisset
1262 1380 1328 1421 non

168 1449 285 1527 ¹solum
303 1464 336 1525 in
362 1448 481 1543 omnes,
513 1464 567 1545 qui
593 1465 815 1545 providentiam
841 1466 1178 1543 dimuammcgsssent,
1213 1464 1275 1547 pio
1296 1472 1328 1523 et

97 1616 99 1627 .
148 1625 150 1635 ,
187 1565 282 1648 probo
302 1566 402 1631 enimc
422 1566 567 1631 acerrime
584 1566 740 1629 invehitur
753 1566 814 1643 86),
836 1567 889 1630 sed
901 1566 1072 1627 Socraticae
1092 1566 1189 1627 etiam
1213 1566 1325 1648 philo·

187 1666 308 1749 sophiae
328 1686 429 1729 amore
448 1668 558 1729 ductus
585 1668 834 1751 Aristophanem,
861 1670 925 1731 eius
948 1669 1123 1745 irrisorem,
1155 1689 1227 1729 non
1255 1668 1324 1728 sine

187 1789 293 1851 magna
307 1768 494 1833 vehementis
508 1770 702 1853 reprehendit
715 1782 747 1833 et
760 1770 941 1849 contemnit,
963 1772 1007 1831 ies
1019 1781 1056 1831 ut
1068 1770 1204 1852 pessima
1221 1790 1321 1852 quse·

188 1892 246 1953 que
265 1882 437 1955 perpetrare
458 1894 526 1935 eum
542 1876 675 1955 potuisse
689 1876 834 1938 crederet.
876 1875 1030 1935 Praeterea
1047 1893 1169 1933 omnem
1185 1874 1319 1935 obscoe-
1347 1897 1351 1912 ·

187 1973 313 2037 nitatem
332 1994 418 2051 osus,
440 1975 476 2035 ab
495 1976 696 2059 improbitatis
724 1976 869 2056 cuiusque
891 1974 1174 2038 commemoratione
1194 1974 1316 2037 abhor-

186 2084 242 2139 ret.
283 2076 345 2137 Iam
360 2074 423 2156 lege
438 2098 497 2159 quo
519 2080 608 2139 modo
627 2087 731 2141 contra
743 2078 973 2160 Aristophanem
995 2071 1188 2160 (βωμολόχον
1212 2074 1317 2160 ἄνδρα

187 2176 239 2241 soi
257 2183 375 2261 γελοῖον
392 2174 464 2243 ὄντα
477 2181 529 2249 καί
553 2176 631 2247 εἶναι
653 2176 835 2264 σπεύδοντα)
860 2180 1027 2241 defenderit
1047 2182 1203 2241 Socratem
1231 2186 1313 2256 (τοῖς

186 2301 217 2345 rs
230 2276 332 2356 ίίίίοις
345 2286 431 2357 θεοῖς
445 2284 536 2361 φίλον
552 2282 604 2347 καί
624 2280 663 2366 δή
679 2277 871 2365 sulpitium
885 2287 927 2369 τῷ
939 2276 1312 2362 animoteonesta-

187 2383 324 2465 siumque
350 2384 505 2445 levitatem
530 2387 681 2449 accusarit
708 2380 823 2466 (φύσει
849 2373 1026 2469 φθονεροαίς
1044 2380 1135 2459 ὄντας
1164 2382 1220 2447 ναί
1245 2386 1311 2457 τοῖς

73 2476 75 2483 ’
187 2478 320 2569 delorem
333 2486 507 2568 βασκαίνειν
525 2486 786 2573 προαιρουμένους
802 2484 856 2572 ⁸⁰)-

271 2636 311 2698 At
325 2636 362 2698 sb
381 2638 429 2698 his
452 2618 600 2702 obstinere
619 2650 768 2723 praestat,
790 2658 885 2721 quum
898 2658 960 2698 non
973 2646 1034 2696 tam
1053 2633 1309 2718 praestantissima

71 2770 76 2781 ι
187 2740 409 2801 comoediarum
422 2754 621 2812 ,monumenta
648 2746 684 2805 ab
702 2740 904 2822 Aristophane
921 2740 1017 2816 edita,
1045 2758 1173 2819 qnorum
1200 2756 1306 2796 caussa

188 2862 305 2902 omnem
326 2841 407 2903 hunc
425 2838 592 2911 sermonem
611 2846 789 2920 intulimus,
806 2861 896 2923 quam
924 2840 1024 2921 ipsum
1045 2844 1162 2920 poitum
1183 2842 1308 2919 poetae·

188 2962 245 3023 que
265 2964 363 3019 mores
383 2947 465 3026 tangi
487 2958 516 3009 et
534 2948 668 3011 accusari
688 2946 852 3007 videamus.
895 2942 997 3023 Neque
1019 2964 1092 3003 vero
1111 2942 1209 3003 omitti
1230 2940 1306 3002 haec

189 3056 343 3125 poterant,
366 3068 458 3127 quum
481 3070 514 3109 ea
530 3052 569 3111 sit
591 3048 717 3109 humani
735 3046 828 3106 animi
844 3044 1052 3124 imbecillitas,
1075 3056 1110 3105 ut
1130 3046 1184 3106 rix
1199 3046 1303 3127 possit,

186 3147 290 3229 iniquo
304 3148 341 3209 cle
355 3148 476 3213 homine
493 3152 605 3213 iudicio
625 3151 704 3225 lato,
726 3168 801 3230 quas
822 3148 855 3208 in
875 3148 939 3208 eius
956 3148 1042 3209 libris
1059 3148 1154 3224 utilia,
1177 3148 1301 3222 erudita,

120 3264 125 3275 '
187 3262 307 3331 argute,
329 3252 471 3334 elegantia
487 3254 643 3333 legantur,
663 3253 767 3313 videre
787 3262 817 3311 et
837 3260 1009 3331 ignoscere.
1054 3252 1232 3330 Quanquam
1248 3270 1302 3310 nos

187 3376 305 3436 quoque
324 3355 531 3435 concedimus,
560 3355 711 3439 corruptis
730 3354 863 3417 moribus
884 3355 910 3415 si
931 3355 1094 3438 scriptores
1117 3356 1300 3437 polluuntur,

188 3478 288 3517 eorum
313 3458 427 3541 scripta
449 3460 546 3538 legere
571 3460 774 3542 periculosum
793 3478 865 3519 esse·
913 3458 1020 3537 Magna
1047 3458 1139 3537 igitur
1167 3457 1300 3518 erudito·

187 3578 256 3618 rum
275 3556 430 3621 hominum
453 3563 538 3644 copia
561 3562 718 3623 helianum
739 3561 861 3644 eiusque
882 3560 996 3639 generis
1012 3560 1174 3645 scriptores
1193 3570 1298 3633 secuta,

187 3728 394 3751 -b—-u—-n

221 3847 262 3917 ⁸⁵)
279 3846 430 3903 PerisonIus
447 3848 533 3922 praei.
550 3848 585 3905 ed
602 3850 702 3906 hellen.
718 3866 746 3925 p·
763 3848 863 3905 xvm.

143 3938 147 3947 '
222 3950 261 4021 ν)
277 3950 332 4006 su.
350 3952 413 4005 vn.
431 3952 501 4007 noe
518 3954 561 4018 Π,
579 3954 620 4010 13.
645 3955 736 4009 stans
752 3954 806 4007 osu
823 3954 924 4022 signum
940 3952 1095 4024 spenser
1115 3954 1156 4008 ss.
1180 3950 1240 4014 eae
1255 3969 1295 4007 aa

273 4020 385 4091 piditate
403 4022 535 4077 Socratem
552 4024 719 4096 Socmtisqus
735 4022 829 4075 similes
847 4022 1008 4094 philosophos
1024 4024 1155 4091 amplexus
1179 4021 1228 4086 sit,
1251 4022 1294 4087 lll,

278 4091 320 4146 17.
338 4090 453 4145 ostendit
475 4108 562 4147 eorum
584 4102 675 4148 contra
699 4088 916 4161 ἀπραγμοσύνης
939 4092 1034 4145 crimen
1050 4092 1180 4155 defensio,
1204 4091 1244 4143 oui
1259 4092 1294 4143 ils

272 4160 359 4213 verbis
376 4158 454 4213 dictis
470 4160 546 4215 linem
562 4162 699 4233 inposuits
719 4158 806 4231 „hyat
823 4158 958 4289 erispoio,
983 4162 1036 4228 eit,
1059 4161 1111 4231 esis
1135 4159 1188 4215 eris
1206 4154 1294 4221 αίαοῖς

273 4223 490 4295 ἀπραγμοσύνην
514 4230 635 4289 solede
658 4234 709 4304 τῆς
739 4228 856 4304 ἡσυχίας
893 4250 970 4302 οντα
1000 4232 1064 4289 “l
1092 4228 1293 4301 ‘immiti‘

274 4294 498 4371 ἐπιδραμών.
