2784 4959
230 423 331 476 onxn
556 396 1011 474 ΟΟΜΜΕΝΤΑΤΙΟ

228 599 376 672 spectent,
401 611 437 650 nn
458 587 597 650 memes
619 587 879 667 eondnouutnr¹).
922 588 1128 652 Pulcherrims
1148 599 1329 652 antemonet

228 696 260 756 in
291 693 447 774 Equitihns
487 689 697 773 pershssis⁸)‚
735 709 796 770 qus
824 691 948 769 Equites
982 703 1145 775 propteres
1177 695 1331 773 glorientur,

230 795 314 880 qnod
340 796 398 877 ipsi
426 793 502 855 nihil
530 794 677 855 mercedis
706 792 865 872 recipient.
916 795 1004 855 iisne
1029 797 1124 874 igitur
1150 797 1189 858 oh
1214 817 1331 857 osum

228 905 318 980 pnite
339 916 395 957 suo
414 897 481 957 inre
503 915 554 958 eos
576 889 715 978 οἷγαθοεὲς
734 896 865 958 vocarit.
906 897 1036 958 Accedit
1055 897 1140 959 slind
1160 897 1242 980 quid,
1261 901 1332 978 qnod

230 1021 299 1064 cnm
327 999 383 1060 hec
410 1000 522 1060 virtute
552 997 694 1058 oohseret
722 997 947 1078 eretissimsque
974 1001 1172 1062 coniunctum
1199 1011 1249 1062 est.
1287 1003 1332 1060 Per

229 1114 322 1165 totam
350 1101 428 1163 enim
458 1101 610 1162 civitatem
641 1119 735 1180 qnnm
759 1100 848 1162 multi
876 1110 996 1178 essent,
1024 1104 1078 1181 qni
1098 1103 1179 1164 helio
1199 1101 1332 1162 studerent

227 1224 394 1288 penemque
417 1203 654 1285 componendum
676 1201 767 1263 simul
788 1221 857 1262 num
880 1203 992 1264 Cleons
1011 1204 1208 1285 impedirent,
1227 1207 1330 1286 Equites

228 1317 315 1370 erent
344 1307 428 1388 prsis
458 1305 653 1386 cupidissimi.
705 1304 740 1364 id
768 1325 807 1365 ex
835 1303 1033 1387 Theopompo
1062 1327 1240 1386 cognoscere
1264 1310 1329 1382 lieet,

228 1410 282 1491 qui
303 1410 428 1490 Equites
449 1431 467 1470 s
487 1409 598 1469 Cissus
619 1408 756 1468 recusuri
777 1409 967 1483 λειποταξίου
988 1420 1192 1470 ensmreret.
1234 1411 1330 1470 Utrun-

229 1531 287 1593 que
308 1522 424 1588 sutem,
453 1510 535 1591 quod
557 1532 613 1572 nec
642 1510 809 1572 mercedem
831 1510 1004 1590 rccipiunt,
1032 1531 1090 1572 nec
1110 1511 1222 1573 hstium
1240 1513 1330 1573 diutim

227 1615 307 1676 serre
331 1617 473 1696 cupiunt,
496 1633 533 1674 ex
556 1614 758 1695 Aristophsne
778 1615 846 1695 ipso
867 1612 1040 1694 plenissime
1058 1613 1244 1694 intelligitur.
1269 1614 1330 1675 dudi

228 1716 292 1777 eins
312 1735 436 1778 versus:

475 1839 481 1848 ·
558 1813 649 1896 ἡμεῖς
669 1812 702 1880 d’
727 1811 872 1898 α’ξιοῦμεν
892 1819 934 1906 τῇ
952 1808 1041 1880 πόλει

356 1925 500 2004 προῖκα
520 1919 714 2000 γενναίας
734 1912 905 2001 α’μύνειν
925 1918 1121 1993 καὶθεοῖς
1141 1916 1329 2001 inopine

356 2023 409 2086 soi
430 2013 507 2105 πρός
529 2013 585 2082 nde
608 2021 753 2102 αἰτοῦμεν
774 2016 865 2085 onidis
885 2017 967 2102 nisio
986 2018 1143 2085 τοσουτονὶ
1164 2017 1271 2102 μόνον·

355 2121 402 2208 ἤν
424 2118 508 2188 ποτ’
528 2117 664 2206 εἰρήνη
684 2123 855 2206 γένηται,
877 2122 942 2186 καὶ
958 2117 1088 2188 πόνων
1104 2121 1329 2206 παυσόμεθα,

357 2225 400 2310 μή
422 2221 574 2307 φθονεῖθ’
594 2225 669 2307 ἡμῖν
689 2229 807 2306 κομῶσι
828 2221 901 2308 μηδ’
923 2220 1229 2308 ἆπεοτλεγγεομὶνοις.

229 2349 394 2430 Propterea
415 2348 509 2426 igitur
532 2369 547 2407 ι
570 2346 724 2428 persbesis
745 2345 831 2406 initio
852 2349 971 2425 postam
993 2344 1148 2406 celebrent
1169 2345 1284 2426 Equites
1299 2373 1330 2386 -

229 2471 296 2514 nem
323 2469 383 2510 non
407 2447 445 2509 de
467 2447 699 2510 Atheniensibus
722 2448 835 2525 solum,
868 2447 907 2507 de
935 2447 1044 2528 quibus
1071 2446 1210 2529 plerique
1236 2455 1330 2508 snmun

227 2553 437 2634 interpretum,
458 2550 513 2610 sed
532 2550 570 2612 ds
585 2551 744 2630 Equitihns
766 2571 801 2612 es
824 2550 916 2611 verbs
932 2549 1117 2628 interpretor
1132 2579 1173 2592 -
1189 2569 1274 2630 seque
1285 2565 1329 2605 noo

230 2655 387 2724 redituros
416 2652 510 2714 fnisse
544 2651 637 2714 elium
671 2653 895 2714 comoediarum
931 2649 1088 2714 doctorem
1103 2661 1242 2730 prester
1269 2649 1329 2708 hunc

205 2833 209 2840 Ι
228 2755 414 2841 profitentur
428 2752 474 2836 ⁴);

559 2861 618 2920 νῦν
640 2851 671 2922 d’
692 2851 777 2934 ἄξιός
797 2851 868 2922 ἔσθ’
890 2855 910 2923 d
929 2853 1076 2940 ποιητής,

356 2953 404 3023 ‘o'ss
424 2953 495 3034 sede
516 2951 629 3032 osisoeie
652 2957 727 3040 ἡμῖν
748 2967 845 3041 μισεῖ,
865 2963 961 3046 rotppi
982 2983 1013 3024 ss
1033 2958 1131 3044 tipus
1151 2957 1190 3024 τὰ
1211 2960 1305 3023 etun

228 3083 349 3140 Summe
378 3077 471 3156 igitur
505 3076 543 3137 de
576 3077 667 3140 rebus
702 3078 888 3158 gravissimis
916 3079 1111 3141 consensione
1139 3076 1327 3158 Aristophanes

227 3181 411 3262 Equitesqne
430 3179 615 3244 iudicarunt.
660 3184 704 3241 Ac
728 3181 805 3242 nihil
825 3181 920 3260 magis
941 3183 1050 3242 fulsum
1075 3191 1107 3242 et
1133 3177 1326 3262 reprehendo

229 3285 302 3346 dum
330 3293 391 3360 est,
423 3301 512 3362 quem
535 3281 617 3360 quod
639 3283 812 3344 Wielsndns
835 3285 872 3345 de
894 3284 972 3343 mels
993 3283 1072 3344 inter
1092 3281 1214 3362 Equites
1235 3279 1326 3340 Ariste

228 3384 419 3470 phenemque
444 3383 658 3444 coniunctione
685 3387 866 3465 suspicetur.
910 3383 1028 3445 Probus
1056 3393 1102 3444 est
1128 3387 1234 3463 po'e'ts5
1259 3371 1326 3459 pmii

229 3499 300 3550 sunt
321 3487 460 3568 Equitem
482 3487 568 3566 probi
591 3497 708 3565 sutem,
730 3499 766 3548 ut
787 3487 876 3549 docet
897 3485 1107 3567 Thucydides,
1136 3485 1241 3545 merito
1258 3478 1324 3537 010⁰·

227 3610 305 3665 ηοω,
327 3587 499 3668 improbum
522 3609 557 3649 ro
577 3589 760 3670 flagitiosum
782 3589 941 3668 hominem,
962 3589 1114 3651 hostiliter
1131 3585 1256 3667 eggressi
1272 3584 1326 3640 sunt

229 3691 352 3772 eiusque
373 3691 539 3773 perniciem
561 3693 726 3754 accelerare
746 3690 938 3753 studuerunt.

316 3792 363 3852 sd
380 3793 515 3874 reliquos
536 3804 711 3874 pergentes,
738 3795 839 3876 primo
860 3795 930 3855 loeo
952 3792 1178 3856 Demosthenem
1198 3788 1326 3851 nominsrt

230 3895 374 3975 cogimur,
398 3895 450 3980 qui
472 3897 503 3958 in
525 3895 662 3958 versibus
684 3916 778 3980 snprs
802 3895 947 3980 oppositis
968 3917 1032 3956 sese
1052 3895 1152 3980 ipsum
1172 3893 1247 3954 inter
1261 3888 1325 3946 Cloe

263 4118 291 4185 ³)
308 4115 415 4170 Rdtseh.
431 4113 564 4186 Anstoph.
583 4131 609 4187 p.
628 4115 686 4172 186.

263 4205 290 4272 ⁸)
308 4203 410 4273 Equitt
426 4201 586 4258 565-580.

263 4291 291 4360 ⁴)
308 4289 346 4344 lh.
363 4289 416 4345 507
425 4315 452 4326 -
462 4289 523 4344 511.
