2784 4959
135 366 137 374 Ι
182 358 310 509 ¹xurtv
493 406 1011 506 PROLEGOMENA
1085 462 1092 474 ·

205 622 312 699 luiaae,
337 614 412 679 milti
433 614 690 701 persuasissimum
712 620 766 673 eat.
815 607 897 669 Dicit
917 606 1016 684 onitin
1050 602 1085 665 id
1105 602 1200 685 qnod
1228 614 1347 665 natura

205 722 296 785 lauina
321 720 408 781 metri
438 722 524 803 queri
545 718 697 801 portulat,
727 730 879 774 caeauram
899 708 1063 788 legitimam
1081 707 1115 767 ia
1137 706 1210 768 fine
1235 708 1346 789 quarti

100 861 104 869 ·
205 827 290 910 podia
303 825 408 901 iuiaae,
431 842 521 903 quae,
543 820 684 902 quoniam
699 829 820 878 aereum
835 815 866 873 in
883 813 959 871 duaa
973 811 1110 890 aequalea
1124 820 1239 889 partea
1263 810 1347 871 diri·

206 938 278 1006 mat,
300 927 338 986 ob
351 944 542 985 numerorum
559 923 712 984 levitatem
726 917 895 979 comoediae
907 914 1000 993 magia
1014 912 1222 991 conveniaaet,
1245 932 1345 993 quam

205 1028 387 1111 tragoediae,
410 1046 484 1107 quae
501 1028 633 1101 alteram,
655 1024 690 1083 in
704 1022 801 1082 medio
815 1021 920 1102 quinto
938 1016 1014 1097 pade
1028 1014 1181 1075 committi
1200 1014 1343 1088 aolitam,

205 1130 403 1215 praetulisset.
446 1128 591 1207 Equidem
613 1146 686 1188 vero
710 1134 801 1207 puto,
823 1124 956 1184 indidem
978 1138 1094 1199 quoque
1116 1120 1242 1178 factum
1265 1138 1342 1195 eaae,

0 1220 1 1241 ¹
117 1259 121 1265 ¹
204 1244 240 1295 ut
261 1241 505 1294 tetrametrorum
534 1233 765 1293 acatalectorum
795 1226 884 1287 multi
917 1225 948 1283 iu
978 1224 1121 1282 dimetroa
1147 1222 1340 1281 trmroirent.

206 1338 344 1395 Ceterum
366 1334 513 1394 rationem
533 1344 722 1395 tetrametroa
741 1326 918 1393 restituendi
938 1324 985 1385 hia
1004 1323 1114 1383 linibus
1130 1322 1341 1383 cncumacri-

205 1446 288 1519 ptam
303 1434 410 1515 velim,
432 1448 467 1497 ut
487 1437 521 1497 in
539 1437 599 1499 fine
621 1454 816 1498 numerorum
836 1450 899 1489 non
918 1436 1098 1509 quaerantur
1120 1444 1181 1485 nac
1205 1426 1338 1486 omnino

205 1540 307 1599 locum
328 1536 471 1613 habeant,
494 1536 553 1597 niai
571 1537 625 1597 ubi
645 1558 662 1597 a
681 1545 854 1599 tetrametro
881 1529 1071 1606 catalectico,
1101 1537 1154 1587 aut
1172 1526 1242 1613 lroc
1263 1528 1339 1588 bre·

204 1640 305 1717 riori,
327 1639 378 1721 qui
392 1648 493 1699 tamen
507 1660 597 1721 aeque
613 1642 804 1701 catalecticua
820 1637 875 1710 ait,
897 1644 950 1693 ant
966 1649 1053 1712 quem
1075 1629 1225 1690 continuo
1243 1640 1351 1720 cata-7

171 1746 180 1765 '
205 1742 331 1804 lecticae
344 1750 503 1822 aequatur,
526 1742 726 1825 excipiantur.
768 1722 825 1801 uat'
838 1737 916 1799 enim
929 1754 1070 1795 vemuum
1090 1733 1337 1794 acatalectomm

89 1876 94 1883 ·
206 1845 314 1922 oxima,
336 1864 423 1924 quem
442 1846 539 1906 noatri
552 1856 659 1929 poetae
674 1844 758 1905 hand
772 1843 849 1903 male
863 1838 1090 1933 appellaverunt
1102 1836 1237 1913 uirilem,
1261 1835 1336 1916 quia

135 1938 138 1949 ’
205 1966 362 2007 numerum
381 1946 479 2006 cubito
501 1948 670 2029 abrumpit,
692 1946 790 2008 multo
811 1940 1016 2003 vehementior
1033 1948 1064 1997 et
1081 1939 1209 2017 sortior,
1239 1959 1335 2019 quam

204 2048 275 2110 finio
289 2050 546 2127 catalecticorum,
568 2051 722 2131 inquibus
742 2068 806 2109 vox
827 2064 882 2127 per
901 2043 982 2104 araia
1002 2043 1079 2102 elata
1098 2041 1131 2101 iii
1150 2040 1273 2118 theria,
1296 2048 1334 2099 ut

205 2150 414 2231 conquieaoat,
441 2152 606 2214 demendit.
645 2154 725 2214 Hinc
748 2152 795 2211 illi
816 2164 923 2209 varana
946 2144 1143 2227 paroemiaci,
1174 2142 1253 2203 irinc
1282 2148 1334 2202 tot

129 2255 137 2278 ¹
205 2252 253 2313 laia
267 2252 386 2329 ,aimilea
415 2254 572 2322 clausulae.
593 2258 719 2317 Interim
741 2274 805 2314 non
828 2250 951 2327 dubito,
979 2247 1055 2333 quin
1073 2247 1111 2306 ob
1135 2246 1330 2326 loquentium

205 2374 303 2417 maorea
322 2365 352 2415 ot
372 2356 499 2419 actionia
512 2360 660 2421 rationem
672 2358 748 2419 haec
765 2355 869 2437 regula
881 2370 1108 2431 nonnumquam
1123 2352 1261 2429 neglecta
1278 2347 1328 2407 ait.

203 2456 279 2519 Nam
300 2461 466 2520 tetrametri
492 2465 661 2541 acatalecti,
684 2466 737 2541 qui
756 2482 773 2519 a
791 2456 970 2519 catalectici·
993 2474 1028 2514 eo
1049 2448 1332 2533 potissimum-dil-

206 2558 325 2635 ferunt,
347 2563 430 2639 quod
450 2582 506 2641 pro
532 2574 637 2625 natura
660 2574 712 2621 'aua
727 2562 880 2641 rapidiore
898 2557 1062 2615 solutionea
1085 2554 1247 2631 longarum
1262 2551 1335 2628 ayl-

88 2668 91 2681 '
205 2656 338 2720 labarum
355 2662 538 2740 frequentina
562 2664 727 2722 admittunt
742 2672 772 2720 et
794 2670 903 2738 quarto
920 2656 991 2738 pedi
1003 2654 1173 2712 concedunt
1193 2668 1331 2728 anapae-

206 2770 301 2839 atum,
325 2763 471 2843 imprimis
493 2765 630 2843 usurpati
653 2782 718 2823 eoae
741 2762 900 2834 videntur,
925 2756 978 2815 ubi
1009 2754 1132 2815 affectus
1159 2753 1329 2813 veliemen-

205 2863 267 2924 tiua
290 2875 463 2923 accrescunt
477 2864 540 2923 aive
556 2862 669 2923 laetitia
691 2862 784 2921 niania
802 2858 989 2939 geatieutium
998 2905 1009 2936 ,
1029 2866 1065 2916 ut
1081 2856 1158 2917 Plut.
1174 2861 1241 2924 290
1259 2876 1324 2936 aq,

109 3025 112 3037 ,
192 2958 269 3026 'aive
287 2965 397 3025 acriter
412 2946 641 3043 indignantium.
685 2965 787 3038 Quare
803 2961 1039 3042 unumquodque
1053 2960 1251 3020 dimetrorum
1267 2980 1326 3038 par

206 3076 259 3128 aut
279 3067 339 3127 duo
358 3067 460 3147 paria,
482 3086 561 3145 quae
574 3066 755 3127 tetrametria
775 3064 956 3125 catalecticia
976 3064 1008 3124 in
1030 3063 1177 3124 eiuamodi
1202 3062 1322 3124 aeditua

205 3168 376 3229 intermixta
392 3166 666 3249 deprehenduntur,
690 3168 844 3227 commode
856 3188 912 3246 pro
925 3168 1105 3227 tetrametn'a
1117 3168 1218 3227 valere
1232 3185 1323 3248 poaae

1 3264 20 3301 Γ
84 3302 89 3318 ·
207 3270 322 3351 opinor.
366 3271 504 3332 Ceterum
523 3290 585 3331 uon
606 3270 755 3348 diffiteor,
777 3269 867 3330 aetati
889 3289 1007 3351 quaqua
1021 3270 1188 3331 fabularum
1208 3270 1350 3351 aliquid¹

207 3372 430 3453 concedendum
453 3394 535 3453 eoae,
557 3383 604 3452 ut,
625 3372 708 3454 quod
728 3372 761 3433 in
786 3374 875 3433 Pluto
896 3373 1015 3433 licitum
1033 3373 1108 3450 suit,
1131 3373 1235 3433 eadem
1254 3374 1323 3433 iure

208 3492 270 3533 non
281 3473 317 3545 in
330 3478 465 3555 quamvis
479 3479 568 3537 oliam
587 3478 721 3537 fabulam
736 3476 866 3537 conferri
883 3475 990 3555 poaait.
1034 3474 1161 3535 Videtur
1179 3475 1259 3535 enim
1275 3484 1323 3535 te-

205 3582 344 3637 trameter
363 3580 540 3639 acatalectue
563 3580 706 3661 proprius
732 3580 824 3640 fuine
844 3578 1017 3639 comoediae
1036 3596 1149 3657 novae,
1180 3596 1197 3638 a
1220 3596 1320 3658 quaa

204 3676 302 3757 poeti·
323 3679 464 3741 llomania
486 3691 624 3762 receptur
648 3690 702 3743 eat.
746 3682 846 3757 Quare
870 3681 1024 3741 difficilior
1043 3670 1148 3741 oxiatit
1176 3681 1321 3761 quaeatio,

119 3768 123 3775 ’
205 3786 310 3839 utrum
335 3790 365 3840 et
391 3784 496 3863 tragici
515 3784 641 3843 iambico
664 3787 838 3845 teuametro
861 3785 1022 3845 acatalecto
1043 3784 1088 3843 uai
1113 3782 1196 3843 aint‘l
1229 3782 1319 3857 Quod
1360 3836 1365 3845 .

205 3888 410 3944 tetrametrum
432 3888 656 3965 catalecticum,
676 3888 711 3947 in
731 3908 791 3967 quo
811 3908 916 3966 magna
937 3896 983 3947 eat
1001 3884 1154 3964 hilaritas,
1174 3885 1318 3966 repudia-

205 3993 293 4062 runt,
314 3984 387 4045 inda
403 4006 465 4048 non
478 3990 629 4071 aequiter,
650 3998 687 4049 nt
706 3990 903 4050 acatalaotum
926 3990 1034 4069 etiam,
1055 3989 1089 4049 in
1103 4008 1163 4068 quo
1185 3996 1230 4047 eat
1247 4008 1317 4049 ma-

204 4106 262 4164 gna
287 4089 417 4168 gravitua
442 4100 472 4151 et
497 4091 703 4170 vehementia,
727 4112 814 4173 ,quae
839 4114 903 4153 non
936 4096 1036 4155 minua
1066 4112 1181 4152 aummo
1209 4090 1315 4168 dolori,

203 4208 292 4267 quam
310 4211 424 4251 autumo
438 4192 546 4271 gaudio
562 4205 631 4277 apta
651 4204 712 4272 eat,
734 4195 902 4257 reiecerint.
943 4197 988 4255 dc
1010 4205 1169 4275 postquam
1187 4194 1223 4254 G.
1238 4192 1315 4253 Her·

198 4308 326 4355 mannua
347 4292 455 4376 (Matr.
475 4316 508 4376 p·
524 4296 616 4379 168.)
641 4306 746 4360 eontra
772 4298 935 4362 romonem
954 4296 1036 4360 hunc
1057 4315 1178 4361 vetrum
1197 4294 1313 4376 tragicis
