2784 4959
109 424 114 437 .
196 404 281 454 mv
432 376 1007 473 rnonncounnn
1073 399 1088 474 g

198 571 288 671 1600.
312 566 452 648 Sequimr
470 567 560 631 Basil.
577 574 606 636 1.
629 577 746 627 etcum
766 566 832 627 edd.
854 568 931 631 Van.
954 578 984 629 et
1005 570 1108 632 Weclr.
1132 568 1342 651 plerumque

197 670 354 734 ‘consentit

202 828 204 831 ’
279 860 330 925 42.
352 860 439 917 ron.
460 890 504 905 -
532 855 867 919 Editiotemil.1‘orti.
889 855 1034 920 canavae
1056 860 1151 924 1607.
1177 858 1338 917 conum

195 968 313 1039 praeter
325 960 492 1019 versionem
508 958 670 1019 Friscblini
689 970 719 1019 et
730 958 912 1037 reliquarum
931 960 1101 1019 fabularum
1111 961 1266 1019 Latinam
1281 959 1336 1018 in-

195 1062 438 1140 terpretationem
461 1062 557 1123 minua
587 1063 660 1122 scite
689 1064 815 1137 saetam,
847 1062 962 1121 scholia
993 1062 1031 1120 ab
1058 1062 1188 1124 Odoart.
1222 1060 1332 1121 Biseto

194 1163 326 1243 (biam),
347 1163 450 1244 Aegid.
468 1164 621 1225 Bourdino
643 1175 673 1226 et
696 1166 764 1225 aliis
777 1165 889 1226 addita.
1120 1253 1122 1255 q

277 1332 328 1399 43·
346 1332 449 1415 Lugd.
473 1369 516 1380 —
537 1334 638 1397 Editio
662 1334 958 1415 Lugduno-Batava.
979 1330 1329 1413 ap.lo.blaire.1624.

195 1426 335 1495 Continet
348 1438 392 1496 XI
405 1436 530 1514 fabulas,
551 1458 713 1517 earumque
726 1437 987 1517 interpretationes
1000 1435 1129 1513 Latinas,
1152 1456 1237 1515 quas
1251 1436 1331 1494 Por-

194 1546 242 1596 tus
267 1538 413 1617 ediderat,
436 1542 546 1622 passim
572 1552 719 1601 correctae
746 1549 776 1600 et
794 1539 908 1618 aliquot
930 1538 1149 1597 emendationes
1167 1538 1233 1597 loe.
1251 1539 1329 1595 Sca-

193 1638 288 1716 ligeri.
315 1640 423 1701 Addita
447 1652 520 1703 eunt
550 1644 719 1703 fabularum
755 1640 977 1720 deperditarum
1002 1641 1167 1719 fragmenta
1191 1662 1210 1698 a
1239 1636 1324 1698 Guil.

196 1740 308 1803 Theod.
326 1745 452 1805 Cantero
474 1754 504 1805 et
521 1745 602 1805 Guil.
626 1744 767 1804 Goddaeo.
786 1743 920 1811 collecta.
1009 1745 1011 1754 '

279 1927 331 1995 44.
345 1929 454 2001 ΛΜ.
483 1963 527 1979 -
560 1931 661 1993 Editio
676 1928 964 1991 ¹dmstelodamensis
984 1928 1056 1989 armi
1073 1931 1166 1995 1670.
1182 1947 1225 1987 ex
1245 1926 1322 1987 offi-

196 2030 263 2088 cina
284 2030 496 2095 Ravensteinii.
534 2036 653 2115 Repetit
685 2035 847 2094 editionem
878 2032 1102 2113 praecedentem
1128 2040 1158 2091 et
1186 2031 1319 2111 insuper·

196 2132 328 2193 continet
342 2134 454 2217 Tanaq.
469 2136 559 2197 Fabri
581 2138 747 2199 versionem
760 2137 1043 2198 Ecclesiaausarum.

277 2322 329 2389 46.
353 2324 441 2384 Kuat.
461 2354 504 2373 -
531 2324 632 2387 Editio
654 2322 806 2407 Ludolplri
835 2324 973 2398 uastari,
992 2342 1079 2406 quae
1106 2320 1149 2381 sic
1174 2320 1241 2380 fere
1264 2319 1318 2380 iu-
1381 2361 1382 2380 .

193 2424 349 2487 scribitur:
372 2424 527 2506 Aristoph.
550 2428 683 2490 comoed.
697 2428 752 2490 xl.
772 2428 885 2489 Graece
903 2438 934 2487 et
952 2429 1057 2488 Latine
1078 2444 1117 2485 ex
1139 2421 1231 2485 codd.
1245 2442 1317 2482 mes.

194 2528 367 2589 emendatae
388 2546 459 2586 cnm
482 2526 588 2587 schol:
601 2530 695 2609 antiq.
721 2528 877 2590 Accedunt
902 2538 993 2589 notae
1020 2527 1113 2588 viror.
1139 2524 1259 2584 doctor.
1282 2524 1318 2583 in
1363 2598 1369 2603 ι

193 2633 283 2690 omn.
300 2627 451 2703 comoed„
473 2627 552 2688 inter
572 2650 644 2707 quas
665 2647 748 2689 nnnc
768 2631 901 2711 primum
924 2628 1058 2688 eduntur
1082 2624 1122 2686 Is.
1145 2621 1316 2682 casauboni
1381 2675 1382 2680 ,

193 2730 227 2788 in
243 2728 362 2808 laquie,
385 2726 492 2791 Erech.
507 2729 679 2809 Spsnbemii
696 2731 730 2789 in
749 2742 811 2792 tres
832 2730 947 2813 priores
967 2738 997 2788 et
1015 2725 1104 2787 lliclr.
1123 2721 1254 2817 Bentleii
1278 2721 1315 2784 in
1381 2777 1382 2782 ,

192 2830 266 2890 duas
281 2832 374 2911 prior.
392 2830 536 2891 observat.
559 2832 659 2893 omnia
675 2832 780 2912 colleg.
797 2842 827 2893 et
841 2831 1005 2908 recensuit,
1025 2838 1173 2907 notasque
1191 2825 1225 2887 in
1249 2847 1313 2885 no-

192 2952 260 2993 vem
282 2932 420 2993 Comoed.
443 2941 474 2991 et
495 2942 625 3011 quatuor
652 2934 767 2994 indices
788 2933 897 2994 adiecit
919 2932 994 2990 Lud
1016 2933 1173 2991 Kustems.
1195 2930 1312 2989 Amato-

152 3090 157 3107 .
192 3032 256 3092 lod.
270 3040 380 3112 sumpt.
395 3032 500 3093 Thoan
513 3036 643 3099 Fritecb.
660 3040 752 3103 1710.
765 3036 819 3100 fol.
862 3034 946 3095 Haec
962 3034 1054 3094 editio
1068 3042 1218 3113 praeterea
1234 3054 1310 3091 con-

195 3132 272 3195 tinet
301 3134 433 3214 quirique
459 3135 553 3217 prior.
574 3138 744 3199 fabularum
764 3139 934 3199 versionem
956 3135 1134 3214 Friaclslini,
1161 3136 1318 3195 Ecolesia-·

192 3254 330 3297 ansarum
350 3256 429 3309 eam,
454 3258 544 3319 quam
569 3240 681 3322 Tanaq.
700 3240 795 3302 Faber
825 3238 885 3323 (cf.
904 3239 975 3320 4'4.)
1001 3250 1174 3321 paraverat,
1196 3238 1308 3319 Vespa-

109 3383 114 3392 ·
192 3360 276 3417 runt,
308 3342 374 3403 Pac.
404 3351 434 3401 et
453 3342 579 3422 Lyeistr.
602 3358 696 3423 quum¹
718 3344 849 3405 instituit
873 3344 978 3418 Quint.
1001 3346 1084 3423 Sept.
1112 3341 1194 3401 Flor.
1216 3341 1308 3400 Chri-

193 3442 323 3518 stianus3
366 3443 444 3504 Aves
482 3446 575 3507 vertit
608 3446 794 3525 Hemeterlr.,
836 3445 1162 3529 Thesmophoriazuaas
1195 3444 1306 3503 Kuate-

192 3567 245 3609 rus
273 3564 346 3626 apae.

271 3698 323 3765 46.
343 3698 450 3779 Bergl.
472 3730 515 3747 -
536 3699 637 3759 Editio
657 3700 761 3782 Stepb.
780 3701 922 3779 Bargleri.
935 3700 1028 3779 Lugd.
1043 3701 1147 3760 Batav.
1160 3720 1211 3780 ap.
1228 3702 1303 3760 Sam.

83 3850 96 3861 .
126 3802 133 3819 ’
193 3814 222 3863 et
236 3802 258 3867 Ι.
273 3800 466 3863 Luchtmans.
485 3807 576 3869 1760.
592 3801 621 3861 Il
635 3802 720 3864 Tem.
739 3803 773 3861 in
786 3804 816 3869 4.
834 3804 988 3863 Praelatus
1002 3814 1045 3863 sat
1059 3804 1135 3863 Petr.
1157 3803 1302 3861 Burman-

191 3926 249 3965 nua
271 3903 428 3965 secundus.
463 3904 564 3963 Editio
586 3904 725 3980 laudata,
755 3926 831 3985 qma
848 3908 981 3989 plurima
1005 3906 1141 3967 continet
1161 3907 1233 3966 'loos
1249 3926 1301 3987 pa·

191 4008 305 4072 rallela.
347 4006 486 4085 llerglere
507 4016 626 4066 mortuo
645 4007 769 4087 prodiit,

277 4216 329 4279 47.
351 4210 486 4273 aarum.
510 4242 546 4259 ·-
572 4210 671 4273 neruo
687 4209 774 4273 areu.
794 4191 903 4273 riano.
924 4210 1000 4273 ran.
1022 4208 1177 4272 amera.
1193 4208 1299 4287 arga..
