2784 4959
554 100 577 138 P

195 374 331 425 cccxxx
542 316 988 423 couututsTto

195 538 422 624 praesagiunt
441 534 607 619 Sophocles
627 536 683 597 diu
702 533 789 597 irrita
811 532 889 595 lecta
911 548 1014 615 erem,
1039 556 1116 599 san
1137 534 1268 597 ιἰὶιιὶιιιι
1283 538 1324 597 its

198 661 268 704 rum
287 641 410 701 doctam
431 660 495 702 esse
516 639 698 719 recepimus.
743 636 829 711 Ques
850 639 904 717 qui
926 638 1185 720 contemplatur,
1215 658 1264 699 ees
1287 640 1345 713 al„

199 744 377 821 mirabitur,
412 740 496 823 quod
523 762 589 801 eam
617 738 728 799 iterum
754 738 859 799 audire
889 740 1023 801 fabulam
1056 762 1126 801 non
1158 741 1325 813 dubitabant,

199 866 261 926 qua
290 847 399 927 culpas
425 863 498 905 suas
524 860 742 922 errorumque,
773 842 885 921 quibus
914 845 986 904 solis
1012 844 1159 925 pristina
1189 843 1325 907 commoda

199 950 308 1010 amissa
330 956 433 1023 eraut,
454 963 559 1007 sensus
581 964 673 1026 quam
692 943 822 1006 maxime
843 946 1031 1007 excitabatur
1044 946 1110 1029 θ’).
1349 966 1350 1019 ι

1350 1053 1351 1097 ι

676 1180 853 1257 xxvnl.

281 1356 517 1418 'Revertentibus
544 1356 631 1419 nobis
659 1355 699 1416 ad
726 1353 959 1443 dristophouem
987 1356 1093 1436 primo
1127 1355 1202 1415 loco
1238 1372 1270 1411 ea
1293 1360 1326 1411 est

202 1458 375 1539 attingenda
395 1461 547 1539 quaestio,
577 1472 680 1521 utrum
700 1478 803 1519 omnes
826 1464 913 1538 poita
934 1458 1040 1519 doctus
1064 1458 1193 1519 subulas
1215 1452 1326 1516 ediderit

202 1564 434 1641 posteritatique
466 1564 631 1623 sewsndas
667 1560 836 1637 curaverit,
876 1580 982 1625 necne.
1034 1562 1137 1621 Cuius
1175 1556 1221 1619 rei
1250 1574 1325 1635 quun

204 1664 287 1744 epod
314 1675 431 1724 vetem
459 1666 542 1725 nulla
569 1664 622 1725 fiat
648 1662 781 1740 mentio,
809 1682 865 1723 uos
894 1664 1115 1745 disputationis
1144 1660 1324 1723 fundamento

173 1772 179 1782 '
204 1765 341 1827 destituti
358 1776 446 1826 cauto
466 1769 582 1827 versari
603 1774 732 1847 oportet.
775 1766 868 1827 Extat
886 1776 1005 1846 tamen,
1034 1787 1076 1829 ex
1100 1786 1167 1847 quo
1190 1763 1323 1837 coniicias,

204 1878 328 1929 coactu
350 1883 422 1929 vers
442 1886 510 1931 esse
531 1890 549 1929 a
569 1874 659 1949 poeta
680 1866 788 1927 editas.
830 1868 963 1931 Primum
989 1868 1071 1930 enim
1093 1866 1263 1932 tenendum
1281 1872 1322 1939 cst,

203 1971 333 2053 primam
354 1990 438 2045 em,
459 1988 550 2049 quem
569 1970 733 2030 Callistrsti
754 1970 873 2031 nomine
895 1972 1106 2050 commissrst3
1140 1972 1322 2052 primamque,

204 2092 297 2151 qoam
317 2090 374 2136 suo
395 2074 517 2133 nomine
537 2074 584 2151 agi
604 2073 747 2151 iusssrst3
777 2082 808 2133 et
828 2072 977 2151 ultimam,
1008 2094 1105 2155 quam
1132 2094 1193 2135 suo
1219 2070 1323 2132 nomin

205 2174 328 2252 docuit,
349 2174 494 2249 edidisse3
521 2175 632 2257 quibus
653 2196 692 2237 ex
711 2174 832 2237 iudiciis
854 2176 939 2257 sequi
959 2176 1098 2256 videtur,
1130 2176 1199 2251 vel,
1228 2184 1260 2235 ut
1278 2191 1322 2231 vs·

204 2278 270 2339 rius
291 2278 407 2355 dicitu,
428 2278 680 2339 verisimillimum
702 2300 783 2357 esse,
806 2279 920 2347 nullam
941 2300 1006 2341 esse
1027 2303 1044 2340 a
1066 2283 1161 2361 poeta
1184 2297 1244 2338 nou
1264 2272 1322 2333 vul·

198 2392 304 2458 Ιςιιιιιιι
328 2390 549 2460 amatamque.
601 2381 717 2443 lleinde
743 2380 810 2463 ipsa
837 2387 943 2463 polites
974 2380 1092 2444 indolet
1124 2383 1210 2444 idem
1236 2378 1320 2451 docel,

204 2503 295 2563 quem
316 2483 380 2545 sine
401 2480 587 2545 dubitatione
607 2504 762 2564 nunquam
783 2484 969 2545 comoediam
999 2487 1186 2547 commisisse
1208 2480 1321 2543 siliunt·

203 2604 290 2661 usus,
318 2602 410 2664 quam
435 2604 499 2645 non
527 2588 571 2647 ita
595 2586 823 2660 elaboraverat,
854 2597 888 2646 ut
915 2588 1050 2667 perlecta
1079 2598 1162 2651 esset
1183 2596 1216 2648 et
1235 2584 1320 2660 digne,

205 2705 284 2766 quse
303 2684 474 2767 posteritati
494 2684 677 2747 traderetur.
715 2684 861 2761 Accedit,
888 2690 969 2769 quod
992 2690 1124 2751 sabulum
1154 2690 1193 2749 ab
1216 2706 1251 2748 eo
1271 2682 1320 2743 odi·

204 2797 266 2847 tem
287 2786 502 2865 cognovimus,
531 2808 608 2867 quas
633 2787 713 2849 male
740 2790 778 2851 sb
800 2789 1033 2857 Atheniensibus
1062 2794 1185 2871 audita,
1214 2788 1320 2851 tertium

206 2886 327 2947 demum
357 2888 386 2947 ei
413 2888 516 2949 locum
542 2892 765 2955 conciliaverat.
809 2892 911 2969 Quare
938 2914 1015 2975 quse
1043 2916 1150 2957 ouusss
1180 2902 1320 2979 praeterea

205 3010 277 3051 sum
303 3009 429 3056 mouera
456 2992 605 3071 potuerit,
636 3004 673 3055 ut
701 2996 815 3077 scripta
844 3016 900 3058 sua
929 2996 1062 3077 deleret,
1095 3018 1161 3061 nou
1188 2994 1318 3058 habemus

200 3091 318 3176 elicere.

168 3232 173 3241 .
201 3253 205 3261 ,
289 3194 377 3268 Quae
397 3194 425 3253 si
444 3214 517 3258 vere
538 3198 691 3279 disputata
713 3212 800 3279 suut,
833 3201 973 3264 universe
993 3222 1138 3265 numerus
1160 3193 1318 3263 comoedis·

204 3316 272 3359 rum
294 3317 489 3360 cumeorum
510 3320 655 3381 numero,
678 3324 754 3386 ques
775 3306 960 3387 posteriores
981 3307 1191 3387 possidebant,
1219 3314 1318 3361 couve-

203 3402 278 3461 uiet.
326 3398 387 3461 Sed
412 3402 554 3480 quonism
580 3406 704 3467 libraris
731 3417 900 3470 mercatura
935 3408 1112 3471 Ptolemaeis
1146 3409 1263 3470 deorum
1293 3402 1316 3455 0¹

205 3502 312 3563 Attalis
333 3504 525 3581 mgnsntibus
552 3506 742 3570 efflorescere
767 3510 871 3591 coepit
884 3508 946 3591 ⁸⁰),
979 3521 1010 3572 et
1030 3522 1116 3572 entes
1138 3506 1245 3591 singuli
1263 3512 1316 3560 tau-

204 3605 360 3667 tummodo
381 3606 468 3667 libris
488 3604 695 3672 describendis
717 3631 842 3693 operam
861 3608 989 3690 debent,
1010 3612 1240 3696 descriptcaquu
1257 3620 1315 3665 0⁰¹1·

274 3911 341 3961 ctsu
357 3924 375 3961 a
391 3910 532 3979 Sophus,
548 3910 675 3978 poterat
667 3928 694 3964 ro
712 3926 825 3966 errorent
841 3912 950 3977 abduci,
975 3919 1083 3987 οιιιιιιιι
1098 3914 1252 3977 monendus,
1273 3908 1315 3960 8⁰·

276 3975 392 4045 pbocleau
408 3995 458 4033 noo
476 3984 575 4048 patrem
592 3978 703 4037 subulam
721 3980 855 4045 docuisse,
873 3982 918 4041 sod
935 3982 1026 4039 fillum.

224 4060 250 4093 ’⁹
248 4060 330 4130 ).clr
345 4061 502 4117 lachmann.
517 4063 571 4117 ll.
590 4066 698 4188 m
706 4085 763 4123 cum
786 4078 937 4135 argumento
956 4070 1063 4139 primunt
1080 4090 1096 4125 a
1113 4072 1214 4127 Frider.
1230 4063 1313 4121 Teior-

248 4060 347 4185 )sctie
365 4132 451 4197 edito,
467 4132 526 4185 dein
543 4134 576 4185 sb
691 4135 717 4189 io
734 4156 750 4193 e
767 4155 830 4192 ursus
815 4139 919 4193 ubrsuia
936 4139 1119 4197 Leureutisuis
1136 4141 1269 4210 onesipto

222 4214 1010 4296 ”lumbus-·Gresissiewsseleus
