2784 4959
225 371 297 445 DE
328 368 787 447 ARISTOPHANIS
814 372 966 449 VITA.
1052 408 1149 458 xcvii

54 562 119 621 nhua
137 562 264 621 vetantia
290 560 371 621 vitae
397 560 588 623 adumbratio
617 561 793 641 arguinanto
820 562 852 621 iu
881 564 1002 625 Plutum
1032 570 1145 652 scripto
1202 554 1206 559 ’
1238 594 1245 603 “
1291 619 1294 629 i

56 673 120 720 recte
137 664 286 743 excipitur
298 662 351 742 ⁶⁴).
394 664 441 725 Ac
460 685 586 739 revera
606 664 676 724 iuro
701 658 833 741 σύνοψις
858 676 988 727 vocatur
1015 668 1148 733 Thomaa

59 765 158 841 Magistri
175 767 283 841 labor,
306 766 378 845 quia
399 766 438 825 dc
457 763 670 849 Aristophanis
688 764 753 824 vita
773 774 893 845 practer
913 766 1007 849 ipaiua
1028 779 1144 855 podiae,

62 869 136 946 patri,
150 869 301 944 filiorum,
320 867 494 949 patriaeque
514 869 652 947 nomina,
683 866 850 927 dramatum
872 889 1048 949 numerum,
1069 880 1140 955 pai·

63 970 266 1050 indignitatem
288 980 319 1030 ct
339 971 464 1045 merita,
485 970 563 1033 nihil
583 970 617 1031 in
637 991 670 1031 ea
691 969 805 1029 dictum
820 971 981 1051 reperitur.
1007 972 1144 1048 Quam·

60 1072 132 1129 alren
150 1074 182 1132 de
202 1072 353 1145 fontihua,
382 1094 457 1153 quoa
483 1082 604 1143 aocutua
625 1074 681 1145 ait,
712 1070 847 1153 quaeatio
869 1072 923 1133 vix
943 1084 989 1133 eat
1015 1076 1145 1155 quaein

58 1173 273 1253 disceptationem
294 1185 421 1236 vocetur
441 1175 511 1235 aatia
533 1174 634 1254 digna.
676 1174 713 1234 ln
738 1174 874 1235 filiarum
904 1176 1073 1238 nominihua
1094 1179 1143 1239 iu·

56 1274 158 1337 ‹licaudis
185 1278 406 1338 Dicaearchum
423 1286 543 1339 tacutua
571 1284 626 1338 cat.

117 1412 191 1485 Quae
215 1414 316 1473 omnia
336 1436 428 1494 quum
450 1414 528 1475 vitae
553 1410 753 1490 cognitionem
775 1412 982 1493 Ariatophania
1007 1436 1143 1479 mancam
1259 1488 1261 1491 .

57 1521 79 1566 et
92 1513 280 1594 inperfectam
308 1518 497 1595 relinquant,
525 1523 629 1575 nostra
657 1526 749 1593 actas,
782 1535 841 1595 qua
869 1526 1019 1577 atavorum
1045 1518 1142 1579 aubri-

61 1612 144 1674 diorum
164 1618 341 1697 expectatio
363 1618 395 1677 in
418 1618 480 1676 (lica
502 1617 603 1693 augeri
623 1617 746 1679 videtui·
768 1619 952 1699 illorumque
972 1628 1142 1700 temporum

57 1720 203 1795 recordatio,
225 1719 335 1800 quibua
357 1720 490 1799 primum
511 1738 617 1797 magna
640 1722 821 1780 Graecarum
842 1720 1010 1782 litterarum
1032 1724 1143 1783 Roma·

55 1836 189 1900 aaronque
209 1822 370 1901 provenire
392 1832 422 1881 et
441 1822 540 1881 redire
558 1822 592 1881 in
613 1824 713 1883 lucem
736 1824 836 1904 coepit
858 1824 962 1904 copia,
985 1823 1141 1887 homiuum
1217 1858 1219 1865 v

56 1920 142 1980 animoa
161 1923 254 2001 cubit,
277 1924 356 1984 hanc
378 1944 495 2005 quoque
514 1924 547 2001 iu
569 1944 631 1984 cern
653 1925 826 1985 adiumenta
848 1926 960 1985 maiora
982 1926 1141 1988 deciderat.

56 2020 132 2099 ll'equc
150 2044 214 2105 spen
233 2034 297 2084 tata
318 2027 460 2085 concidit.
503 2028 633 2088 Tcnucm
661 2028 741 2087 enim
769 2048 871 2088 rerum
900 2030 936 2087 da
964 2028 1142 2110 Ariatopha·

56 2124 91 2182 nir
107 2128 157 2185 rita
175 2128 351 2188 traditarum
374 2128 581 2189 collectionem
609 2128 805 2189 aacholiaata
827 2130 960 2189 Platonis
982 2130 1141 2191 Clarkiano

60 2232 202 2306 accepimus.
240 2232 333 2305 Quod
354 2231 475 2310 quidem
495 2231 642 2291 acholium
668 2232 766 2311 primo
797 2240 842 2290 cat
870 2232 1059 2311 ex-hnglico
1090 2253 1141 2292 co·

64 2327 243 2392 dicaaKiddio
263 2334 391 2408 editum,
413 2353 509 2412 nequa
522 2336 634 2395 lrustra
655 2352 778 2393 aureum
799 2330 1010 2407 vocatu1n⁶⁶);
1034 2332 1141 2393 deinde

66 2447 95 2485 cx
111 2433 192 2492 codice
211 2435 439 2495 Vratislavienci
473 2458 491 2494 a
520 2436 654 2494 Seidlcro
682 2432 864 2493 emendatior
896 2433 1055 2513 repetitum
1081 2430 1144 2515 ⁶⁶)2·

65 2537 114 2587 lum
130 2533 250 2597 ahlmm.
272 2532 409 2597 Bckkcro
435 2537 545 2598 additia
573 2535 673 2596 verbio
701 2536 879 2616 quibusdam
900 2536 1062 2596 correctiua
1083 2556 1140 2597 ex-

63 2626 160 2692 lihitum
177 2635 230 2713 ⁶⁷).
275 2641 345 2714 Quo
368 2650 499 2720 tempore
528 2640 565 2697 ab
587 2640 646 2697 hoc
666 2638 824 2698 scholiasta
847 2638 1050 2698 commentarii
1067 2659 1138 2697 con·
1186 2662 1189 2673 ·
1223 2660 1225 2671 ·

61 2735 247 2817 scrilcbautnr3
277 2740 367 2817 libri,
396 2760 472 2821 quoa
492 2760 575 2800 nunc
596 2741 655 2801 iam
676 2740 790 2801 dudum
819 2740 894 2801 ritui
916 2749 946 2801 et
966 2740 1061 2801 tincaa
1084 2762 1140 2801 oc·-

60 2852 192 2918 caparunt‚
218 2844 391 2905 terebantur
411 2842 509 2902 adhuc
535 2844 569 2900 in
589 2840 746 2903 homiuum
776 2842 921 2905 manibus.
964 2843 1065 2903 Potuit
1084 2844 1139 2923 igi·
1183 2868 1188 2878 ·

59 2941 146 3001 turillc
159 2946 291 3023 pluribus
305 2946 433 3005 aliorum
449 2944 633 3004 comicorum
655 2952 811 3025 potiturum
831 2944 938 3005 sabulis
956 2943 1018 3020 uti;
1041 2946 1139 3025 potuit

57 3037 234 3107 historicorum
250 3067 372 3127 quoque
390 3048 531 3127 quoidam
546 3048 640 3108 libror
655 3058 685 3107 et
704 3047 964 3127 grammaticorum
979 3045 1135 3127 inspicere.

58 3142 172 3209 laudatas
192 3151 270 3210 enim
294 3151 331 3208 ab
358 3171 392 3209 co
412 3150 576 3229 reperimur
599 3170 663 3209 non
686 3150 784 3209 aolum
799 3145 1005 3229 Aristophauia
1026 3148 1138 3209 labalaa

60 3259 121 3305 nuuc
141 3254 269 3325 amiram
307 3252 358 3310 aad
383 3251 498 3310 Cratini
528 3272 666 3331 (quoque,
702 3250 903 3331 Ariatonymi,
932 3248 1138 3329 Sannyrionia,

61 3342 200 3431 Eupolidis,
222 3353 414 3432 Platonisque
429 3354 608 3416 comoediai.
653 3354 771 3413 Praeter
795 3358 897 3431 pactas
919 3360 1017 3409 autern
1039 3352 1137 3443 prima

62 3444 199 3517 Philochori
218 3458 331 3517 librum
350 3456 386 3514 dc
409 3456 512 3516 diebus
535 3457 700 3537 scriptum,
723 3452 827 3533 quiin
850 3450 1009 3533 deperditis
1030 3472 1139 3515 nume-

62 3558 122 3611 1¹lur
137 3578 243 3620 acraro
263 3570 384 3620 tantum
407 3581 424 3618 a
443 3558 592 3620 veta-iba·
609 3556 805 3639 acriptorlbua
819 3556 1008 3638 producitur,
1035 3556 1138 3617 notai-

65 3738 234 3767 χ-

91 3853 166 3921 “lct
181 3864 327 3919 Hematerh.
347 3862 382 3917 ad
398 3862 468 3915 Plut.
487 3878 587 3931 argum.
609 3866 664 3915 uot·
687 3862 713 3917 1.

91 3955 214 4024 “lim
230 3968 282 4020 aad
300 3966 498 4019 Miscellaneam
512 3964 657 4019 criticiama
672 3964 704 4018 ol
723 3964 769 4017 tha
784 3962 838 4017 lato
854 3960 929 4016 Rich.
946 3962 1051 4017 Parion.
1068 3961 1138 4017 hou·
1159 3970 1163 3977 '

117 4028 154 4083 dar
167 4034 350 4089 mcccxv,
373 4052 399 4104 p.
416 4036 477 4089 268.
513 4070 517 4081 .

88 4128 201 4196 “istiu
217 4140 250 4191 dc
267 4138 399 4207 Aristopla.
416 4136 520 4207 unga
537 4154 563 4208 p.
581 4139 617 4192 tt
632 4152 690 4207 aqq.

87 4231 116 4298 ⁸¹)
128 4236 205 4293 sciat
225 4242 255 4293 aa
279 4240 346 4293 rae
370 4257 395 4308 p.
411 4240 464 4295 aaa
486 4259 542 4312 aq.
563 4237 809 4295 omanem
831 4236 889 4291 vot
905 4236 941 4289 tt.
965 4235 999 4289 ec
1016 4228 1137 4286 natare.

126 4306 156 4357 da
170 4308 259 4377 triga.
277 4326 304 4378 p.
324 4311 375 4362 172
391 4326 446 4377 naq.

93 4400 277 4459 Amorum
296 4422 321 4457 o.
343 4403 489 4458 Tmamca.
508 4404 530 4459 1.
758 4382 766 4401 ’
919 4409 939 4468 g
