2784 4959
243 381 304 460 IN
332 377 702 461 Attlttt'ot’HAItts
727 378 952 458 PLUTUM.
1010 405 1170 456 cuexxua

60 578 112 638 au.
131 572 310 650 caraune,
340 593 397 655 pm
417 575 528 654 uayaaa
547 574 614 655 ipse
635 514 822 652 ituantem,
852 594 913 656 pn
932 572 1057 634 veneat·
1077 595 1171 654 μμ»

60 679 264 766 γμὲνοψσκῶρ.
310 677 350 738 At
370 677 453 737 hune
473 678 590 754 lusum,
622 677 675 758 qui
696 679 801 756 paueia
822 675 960 738 vereihue
981 678 1172 738 oiroomaori-

60 791 117 862 ptue
135 780 300 842 saltationis
319 799 423 842 cetura
444 780 535 840 fietne
561 801 625 840 eoae
645 780 784 858 videtur,
814 801 877 844 non
897 778 993 859 magia
1011 779 1172 861 perediam

60 883 152 942 hahere
172 886 304 962 poteria,
334 885 418 965 quali
444 905 501 944 uea
529 894 575 944 eat
603 884 758 944 comoedia
786 883 901 957 medie,
931 901 1022 963 quarn
1042 881 1173 943 altenun

61 986 120 1046 itit.
137 989 199 1052 810
218 1007 284 1066 aq.,
312 987 367 1047 ubi
389 985 506 1048 chorus
535 1007 567 1048 ee
590 987 707 1067 lllyaaie
732 1005 890 1066 personam
917 995 1058 1056 acturum
1085 985 1171 1062 dicit,

61 1090 102 1167 qui
119 1088 238 1165 Circen,
262 1109 354 1168 quom
376 1090 466 1150 Cario
487 1089 638 1166 imitatur,
659 1090 802 1152 ferociter
822 1109 978 1170 aggreaaua
1001 1089 1051 1150 eit.
1093 1089 1173 1157 Sunt

63 1191 124 1250 euim
143 1191 302 1268 allegoriae
324 1192 473 1272 quaedem
492 1192 629 1274 lepidae,
651 1194 727 1254 aliae
748 1213 871 1274 quoque
892 1191 1088 1273 Aristophani
1110 1193 1173 1252 uei·

62 1301 140 1366 tatae,
159 1312 235 1372 quae
257 1317 274 1354 a
297 1294 445 1375 perodio,
466 1315 557 1374 quom
578 1296 676 1357 media
698 1295 852 1358 comoedia
874 1295 1049 1375 usurpavit,
1079 1314 1173 1374 pror-

65 1413 102 1454 rua
118 1393 286 1457 abhorrent.
319 1397 370 1456 Sio
389 1397 449 1458 iam
469 1398 502 1457 iu
522 1399 714 1481 Veapp.18tt
735 1419 780 1479 eq.
801 1399 904 1457 lurum
924 1397 1051 1458 eimilem
1070 1395 1173 1473 haheo,

66 1497 203 1575 quoidam
226 1499 351 1579 Ulyaeaa
372 1499 552 1561 llomerioua
579 1521 619 1562 ex
645 1502 747 1562 arietia
775 1501 845 1561 aloe
868 1517 1049 1581 ampenaue,
1078 1517 1174 1580 quun

68 1600 205 1682 Cyelopum
225 1600 390 1680 effugeret,
419 1603 545 1684 eiuaque
566 1623 676 1664 nomen
698 1601 800 1682 οὔτις,
829 1602 913 1684 quod
935 1601 1066 1662 eundem
1087 1601 1175 1664 deee-

68 1713 143 1779 perat,
168 1704 200 1763 in
224 1703 402 1781 allegoriam
423 1705 566 1767 trahitur.
611 1706 688 1781 Quia
709 1717 757 1770 eat
775 1718 891 1783 autem,
921 1705 975 1786 qui
996 1705 1111 1787 Veapaa
1133 1706 1176 1768 ad
1297 1789 1300 1794 Ι

68 1806 156 1866 mediae
181 1806 358 1868 comoediae
385 1808 538 1888 ingenium
560 1809 653 1870 laetu
682 1829 747 1874 eaee
774 1811 924 1871 affirmare
953 1806 1085 1868 eudeot't
1126 1807 1175 1868 Si-

67 1905 152 1970 niliter
171 1911 242 1972 aliea
263 1913 401 1988 iocatur,
421 1920 457 1971 ut
478 1912 516 1972 do
537 1931 570 1973 ae
590 1913 659 1992 ipao
680 1923 711 1972 et
731 1933 786 1974 eua
807 1911 912 1972 sehula
932 1910 1029 1972 lluhb.
1043 1911 1125 1980 684:

167 2015 227 2074 ado
251 2005 314 2076 οὖν
336 2009 496 2096 Ἠλέκτραν
516 2007 587 2078 aea'
608 2015 730 2096 dardana
749 2008 805 2096 ἥθ’
826 2012 851 2095 af
869 2015 1017 2099 repudia

170 2109 296 2194 {uaedo'
317 2106 409 2196 ἦλθ’,
431 2111 474 2198 ἢν
494 2109 665 2204 moderatim
688 2123 815 2191 θεαταῖς
836 2111 917 2180 odeo
937 2121 1056 2196 σοφοῖς.

168 2213 317 2298 γνώσεται
336 2212 411 2302 γάρ,
434 2215 476 2300 ἤν
497 2242 554 2302 περ
576 2221 644 2308 ἴδῃ,
668 2212 824 2298 addetum
844 2215 895 2283 eir
916 2213 1093 2303 βόστρυχον.

70 2313 202 2382 attritio
233 2319 377 2402 quidem,
412 2341 507 2403 quum
540 2322 606 2382 aliia
634 2321 850 2402 interpretibua
879 2320 980 2382 adhue
1008 2320 1175 2400 crederem,

69 2413 163 2480 Plutum
183 2423 222 2484 ad
242 2423 377 2486 modium
398 2423 584 2485 comoediam
605 2426 773 2506 portinere,
803 2433 835 2484 et
862 2425 969 2485 eedule
998 2425 1175 2506 oireomapi-
1208 2489 1213 2502 ⁸

70 2537 144 2583 ceren
165 2525 416 2605 invmtigeturua,
458 2547 547 2607 quem
576 2535 697 2610 po'e'tam
728 2526 943 2609 Ariatophanee
973 2527 1113 2606 luaiaaet,
1140 2528 1174 2588 in

69 2621 138 2684 relue
158 2629 240 2709 longe
261 2627 334 2688 aliia
358 2649 405 2690 me
433 2630 591 2712 parodiam
612 2630 695 2691 illam
719 2630 892 2691 observasse
914 2630 1071 2712 opinabar.
1113 2632 1174 2693 Eu-

70 2720 173 2801 n'pidem
201 2731 312 2808 luiaae,
350 2752 412 2792 nou
440 2734 553 2794 bouum
582 2731 766 2812 Homerum,
802 2754 891 2814 quem
920 2732 1094 2794 ludificatua
1122 2733 1174 2812 ait,

69 2840 114 2884 ¹¹⁰ss
137 2850 206 2910 opua
235 2842 305 2894 erat
333 2845 417 2894 vatee
443 2834 622 2914 Thebanae,
655 2837 711 2916 qui
736 2846 947 2914 auguraretur.
997 2836 1070 2898 Eiue
1096 2835 1173 2896 enim

70 2919 148 2990 Iouem
172 2935 272 3014 paullo
305 2947 374 2999 ante
401 2939 522 2999 Plutum
550 2939 663 3001 editam
688 2938 785 3005 iocoai
811 2939 897 3016 lueua
923 2959 1023 2999 aueum
1044 2938 1174 3016 dediaee,

72 3024 158 3092 indicia
183 3030 339 3101 manifeata
366 3061 414 3102 me
445 3041 592 3122 reperiare
620 3043 774 3123 putabam.
816 3041 859 3101 Ut
886 3039 969 3122 apud
998 3041 1175 3123 Euripidem

73 3125 169 3195 Xuthua
187 3143 248 3200 exit
270 3142 440 3224 Apollinem
463 3145 657 3204 eoneulturue
684 3144 722 3204 de
748 3141 846 3225 prolia
866 3163 935 3224 epe,
965 3143 1009 3202 eie
1031 3143 1064 3204 iu
1085 3145 1174 3206 Pluto

74 3226 222 3317 Chremytm
242 3243 448 3325 proficiscitur
470 3245 642 3328 Apollinem
665 3245 860 3307 coneulturua
881 3243 920 3305 do
942 3243 996 3304 lilii
1017 3243 1176 3306 educatio·

74 3348 113 3406 ¹¹³3
139 3349 171 3400 ut
190 3345 270 3425 apud
295 3345 398 3426 Eurip.
420 3345 532 3428 Apollo
553 3346 692 3409 Xuthum
715 3351 816 3425 iubet,
847 3368 916 3408 eum
936 3347 1033 3407 lilium
1053 3346 1175 3426 hahere,

74 3429 95 3489 lt
112 3457 187 3516 quem
206 3447 324 3508 ineidat
343 3450 491 3530 templum
511 3450 694 3528 relicturus,
722 3452 765 3512 ita
787 3450 966 3532 Chremylue
993 3459 1025 3511 et
1050 3449 1102 3510 hio
1121 3449 1174 3510 iu-

74 3527 156 3618 latur,
184 3567 249 3609 eum
271 3549 376 3629 aequi,
408 3551 441 3610 in
463 3572 553 3632 quem
578 3555 693 3615 incidat
713 3555 828 3637 templo
850 3555 998 3616 exiturua.
1040 3553 1081 3613 Ut
1100 3573 1174 3614 vero

75 3628 130 3742 lite
146 3646 197 3708 eibi
219 3661 289 3712 aunt
314 3649 482 3730 aimillima,
510 3655 551 3715 itu
582 3666 681 3717 uetera
708 3679 835 3738 proraue
866 3659 1051 3738 diecrepent.
1092 3655 1173 3734 llrgo

75 3751 98 3792 in
116 3738 156 3804 hia
182 3769 243 3811 nou
272 3753 340 3814 risit
369 3756 565 3838 Euripideml
601 3757 678 3818 lliait
705 3780 788 3820 vero.
838 3762 878 3822 At
905 3761 982 3822 liaeo
1009 3759 1173 3836 cavillatio,

75 3833 240 3927 Allatoplrani
263 3855 362 3916 ubivia
382 3857 552 3931 familiaria,
576 3870 657 3922 certe
678 3861 797 3922 diversa
820 3873 866 3923 eet
886 3884 904 3921 a
925 3881 1010 3923 more
1031 3863 1090 3922 iato
1112 3883 1174 3925 me-
1190 3873 1200 3891 '¹

77 3933 125 4001 ⁶5⁸0
149 3955 330 4036 comoediae,
369 3978 430 4038 quo
457 3973 596 4042 poemate
626 3963 773 4042 quaedam
801 3965 842 4024 ita
872 3963 1174 4043 treuaionnaboutur,

77 4046 102 4096 '¹¹
117 4055 253 4134 nonullae
274 4057 457 4124 dicerentur.
499 4063 606 4124 Brevia
628 4074 728 4124 autern
749 4067 946 4142 adaimilatio,
968 4087 1060 4148 quam
1082 4069 1173 4146 rigni.

76 4132 157 4225 ficati,
177 4158 257 4218 nullo
278 4160 338 4220 elio
364 4163 491 4224 coneilio
513 4165 603 4225 iacta
617 4175 677 4242 eet,
705 4165 762 4224 uiei
783 4175 832 4238 ut,
862 4167 893 4228 id
917 4171 1000 4247 quod
1020 4170 1053 4230 iu
1075 4171 1172 4230 omui·

77 4230 120 4300 bur
145 4249 244 4318 sabulia
269 4260 336 4324 lieri
363 4263 517 4338 videmur,
548 4269 653 4329 sucum
681 4266 837 4350 Euripidie
862 4270 924 4332 eale
952 4271 1070 4332 comico
1096 4291 1170 4352 per-
