2784 4959
206 366 283 452 m·
487 368 1033 485 enoeneonnna

203 582 282 639 rare,
294 560 369 647 qnia
387 580 552 642 pugnarem
567 560 710 624 adversus
719 560 898 642 interpretes
916 561 1067 639 aninornm
1080 562 1237 643 godam,
1257 563 1339 625 nsul-
1389 559 1390 566 '

204 674 305 734 umen
326 662 523 725 minutiarum
545 672 703 739 auctores,
731 674 832 723 umen
850 664 946 738 tacui,
973 666 1065 723 immo
1082 684 1121 725 ne
1144 684 1246 725 suave
1265 666 1339 746 qni-

204 767 273 827 dem
300 775 447 825 certamen
475 786 542 825 enm
561 764 702 825 herona·
728 767 800 843 inii,
818 765 885 827 nisi
911 766 965 827 nbi
985 766 1192 828 neeessariam
1215 768 1282 827 tuit
1308 777 1339 826 et

203 868 290 929 hrain
313 868 414 949 potuit
434 866 559 930 absolvi.
602 868 777 927 Manifestus
794 868 872 927 enim
894 888 995 944 error,
1018 868 1106 947 quis
1126 870 1258 931 nemine
1272 891 1337 931 vo-

202 971 283 1031 lente
303 968 520 1045 committitur,
546 990 609 1028 non
634 980 699 1047 eget
716 969 938 1043 admonitione3
963 971 1036 1031 satis
1054 982 1115 1047 est,
1145 993 1220 1035 mm
1243 972 1338 1033 indi-

204 1094 294 1135 casse.
337 1070 420 1145 Quid
441 1080 568 1149 prosunt
592 1070 747 1147 cpnvicia,
774 1070 848 1151 quid
875 1072 965 1132 verba
984 1073 1182 1152 iactabunda,
1211 1076 1268 1135 ubi
1287 1094 1337 1133 rea

202 1174 360 1257 loquitur?
394 1158 499 1251 Atque⁸
514 1172 647 1251 magistri
666 1171 714 1231 illi
733 1173 859 1249 summi,
887 1173 938 1253 qni
957 1173 1048 1246 hodie
1065 1174 1166 1237 adhue
1186 1196 1250 1237 nos
1274 1176 1335 1233 do·

204 1286 276 1337 oent
296 1276 470 1357 prolemque
490 1275 664 1335 futurorum
684 1272 841 1335 hominum
865 1274 1030 1351 docebunt,
1056 1276 1107 1354 pie
1124 1278 1235 1355 potius
1258 1286 1334 1338 aunt

203 1378 339 1455 colendi,
361 1376 470 1457 quibua
487 1377 647 1437 destitutos
664 1378 766 1457 quales
785 1396 842 1437 nos
855 1396 940 1462 nnuc
952 1396 1015 1437 esse
1029 1376 1226 1457 opinaberis?

289 1522 417 1581 Consero
438 1538 590 1579 menone
611 1519 649 1577 ad
670 1518 820 1578 dictorum
841 1519 1116 1601 sententiarumque
1139 1522 1331 1604 interpreta-

196 1609 316 1700 tiones,
338 1644 415 1704 qnae
434 1620 508 1681 duas
528 1622 682 1681 columnas
706 1621 845 1680 lectionis
866 1624 1006 1682 varietati
1025 1624 1172 1685 subiectas
1185 1646 1330 1706 occupa-

202 1734 321 1791 verunt.
362 1724 480 1786 Etenim
500 1724 525 1784 si
544 1722 702 1803 qnisquam
722 1732 768 1783 eat
789 1732 948 1803 poetarum
967 1734 1122 1802 mnan,
1151 1729 1207 1807 qni
1231 1730 1329 1789 inter.

202 1839 289 1912 prete
302 1838 401 1908 egeat,
423 1828 450 1886 is
463 1836 508 1886 est
523 1824 744 1905 Aristophanes.
788 1826 943 1886 obscurae
956 1848 1075 1906 qnoque
1089 1828 1245 1892 habeatnr
1257 1850 1329 1891 aen·

202 1932 313 1993 tenfiae
332 1928 474 2009 Aeschyli
495 1936 526 1987 et
551 1926 687 2005 Pindari;
717 1937 748 1987 at
769 1938 897 2008 uterque
917 1930 976 1987 alia
1005 1931 1045 1988 de
1074 1950 1162 1991 eausa
1184 1932 1327 1993 difficilis

202 2042 248 2093 est
269 2032 438 2095 intellectu.
482 2030 518 2090 ln
538 2029 586 2089 his
609 2039 680 2090 sunt
698 2030 867 2091 locutiones
890 2031 950 2090 alte
974 2032 1101 2111 petitae,
1123 2034 1325 2111 cogitationes

203 2112 293 2195 nimis
316 2134 457 2194 sublimes
477 2141 507 2191 et
525 2132 689 2210 quaesitae,
720 2142 752 2193 et
779 2134 994 2193 sententiarum
1019 2134 1178 2195 intervalla
1201 2138 1324 2211 omissa,

116 2290 119 2298 .
177 2268 182 2279 ·
202 2256 279 2319 quse
301 2236 463 2315 legentium
483 2232 597 2293 animoa
618 2245 747 2312 vexant,
767 2244 805 2294 nt
819 2236 1033 2315 eogitationum
1048 2257 1150 2296 causas
1172 2248 1203 2297 et
1222 2258 1322 2299 nenas

171 2394 175 2409 ,
201 2350 233 2401 st
255 2338 397 2400 orationis
413 2356 599 2417 progressum
619 2336 673 2397 vix
694 2339 864 2417 perspicere
882 2338 1018 2419 possint,
1038 2339 1098 2399 nisi
1119 2340 1250 2418 ingeniis
1269 2359 1323 2400 ae·

202 2462 260 2523 qne
277 2440 417 2501 volaticis
440 2438 535 2498 adiuti
556 2438 804 2520 Bellerophontae
820 2442 893 2502 istos
908 2441 1050 2503 audacter
1062 2452 1203 2519 angentes
1215 2444 1323 2501 volatu

202 2564 330 2623 aequare
351 2550 515 2619 conantur3
542 2540 575 2599 in
597 2542 798 2622 Aristophane
820 2563 894 2602 vero
914 2563 963 2602 res
988 2564 1077 2623 saepe
1098 2542 1273 2602 levissimae
1296 2554 1328 2602 et

202 2644 361 2716 admodum
383 2644 558 2724 popularet,
578 2663 653 2722 qnae
667 2652 720 2701 sut
739 2644 778 2702 sd
796 2664 937 2724 personas
959 2644 1047 2703 nobis
1066 2642 1184 2721 ignotas
1197 2660 1324 2700 ennam.
1389 2639 1390 2662 ¹

202 2764 260 2827 que
275 2764 372 2803 mores
389 2754 542 2825 spectant,
563 2756 616 2804 aut
638 2745 781 2803 obscuros
801 2742 1026 2803 Atheniensium
1046 2760 1181 2801 rumores
1201 2739 1245 2800 ab
1266 2740 1324 2801 hi·

202 2844 320 2905 noricis
346 2866 407 2905 non
428 2858 548 2908 notatos
580 2854 724 2925 tangunt,
745 2845 856 2903 autad
877 2843 976 2901 simile
996 2842 1070 2922 qnid
1090 2842 1203 2901 aesini
1228 2842 1322 2904 Atho·

202 2948 349 3007 niensium
364 2970 426 3009 non
441 2950 593 3029 cognitum
612 2946 780 3027 pertinent,
801 2966 859 3004 nos
876 2942 914 3001 ab
932 2942 1000 3002 istis
1018 2945 1204 3024 temporibus
1225 2948 1321 3007 nimia

201 3061 331 3111 remotos
344 3055 529 3113 excruciant.
573 3049 689 3122 Quare,
711 3047 765 3125 qni
784 3045 1017 3127 Aristophanem
1039 3047 1206 3127 intelligere
1230 3052 1317 3126 vetit,

202 3154 337 3215 cuiusvis
359 3156 477 3214 tabulae
494 3160 619 3210 aetatem
640 3167 704 3206 uon
716 3149 815 3209 solum
829 3168 868 3208 ex
882 3148 1039 3209 historicis
1052 3148 1134 3209 illins
1158 3152 1239 3226 aevi,
1262 3155 1316 3233 qui
1389 3143 1390 3160 ¹

200 3254 292 3333 vulgo
307 3254 384 3313 nibil
397 3254 454 3313 nisi
477 3272 524 3313 res
545 3248 667 3309 maioris
682 3250 825 3311 metuenti
837 3260 986 3328 tractent,
1008 3252 1061 3311 sed
1079 3252 1167 3311 etiam
1191 3274 1230 3313 ex
1248 3276 1316 3314 ora.

200 3357 333 3417 tionibus
348 3358 401 3416 illo
423 3366 555 3434 tempore
575 3349 701 3431 habitis,
727 3374 743 3413 e
760 3354 883 3434 reliquis
897 3354 1006 3415 sabulis
1026 3364 1057 3413 et
1070 3357 1228 3436 permultis
1248 3359 1315 3419 aliis
1389 3355 1390 3362 '

199 3458 286 3520 libris
304 3460 341 3520 da
364 3461 478 3534 integro
503 3454 656 3535 exploret,
686 3476 806 3516 necesse
834 3466 888 3516 eat.
932 3455 1044 3515 Deinde
1067 3476 1160 3534 quum
1185 3458 1218 3516 in
1247 3460 1313 3519 aliis

203 3563 383 3623 Graecorum
403 3556 540 3637 scriptis,
561 3566 627 3615 tum
648 3558 777 3619 maxims
796 3559 830 3617 in
856 3557 1066 3638 Aristophanis
1083 3558 1195 3617 sabulis
1221 3582 1315 3639 qnae-

202 3664 271 3725 dam
295 3664 414 3735 insunt,
442 3679 534 3738 quae,
563 3678 622 3739 qno
647 3678 736 3725 sensu
762 3680 860 3739 quave
884 3659 918 3721 ni
942 3662 1023 3722 dicta
1045 3659 1124 3735 sint,
1144 3680 1207 3721 non
1230 3674 1313 3723 recta

199 3766 251 3827 via
271 3762 487 3839 intelliguntur.
533 3762 577 3822 Ut
600 3782 674 3839 nos,
702 3762 824 3842 siquid
844 3762 965 3841 pasius
988 3773 1042 3822 aut
1063 3762 1181 3824 dulcius
1199 3764 1314 3827 dictum

200 3870 356 3939 volumus,
385 3865 477 3923 nessii
497 3884 590 3946 saepe.
614 3866 746 3925 orationi
765 3876 887 3927 nostrae
911 3865 1004 3924 verba
1031 3865 1175 3943 quaedam
1195 3868 1313 3947 antiqui

200 3966 315 4046 aliquid
335 3965 460 4045 olentia,
489 3968 539 4029 val
560 3964 729 4028 locutiones
749 3968 915 4048 scripturae
936 3986 1039 4026 sacrae
1061 3965 1147 4023 tritas
1172 3974 1202 4025 et
1228 3969 1313 4046 quasi

199 4068 400 4151 proverbiales
423 4070 640 4151 adsperginana,
662 4090 740 4151 quae
760 4068 909 4130 audientis
931 4068 1024 4129 animi
1044 4068 1108 4127 vim
1127 4070 1312 4131 reconditam

200 4169 333 4231 excitent
351 4170 523 4251 aenigmatis
543 4173 653 4249 instar,
674 4174 720 4233 sie
736 4173 843 4233 Graeci
862 4170 986 4233 Homeri
1006 4191 1094 4228 voces
1117 4180 1148 4230 et
1168 4172 1311 4236 formulas

202 4274 340 4335 omnibua
357 4276 563 4337 usitatissimas
578 4274 718 4336 adhibere
731 4276 882 4351 solebant,
911 4282 948 4333 nt
960 4292 1030 4333 eum
1047 4275 1203 4355 voluptate
1219 4278 1309 4335 audi-
