<?xml version="1.0" encoding="UTF-8"?>
<!DOCTYPE html PUBLIC "-//W3C//DTD XHTML 1.0 Transitional//EN"
    "http://www.w3.org/TR/xhtml1/DTD/xhtml1-transitional.dtd">
<html xmlns="http://www.w3.org/1999/xhtml" xml:lang="en" lang="en">
 <head>
  <title>
</title>
<meta http-equiv="Content-Type" content="text/html;charset=utf-8" />
  <meta name='ocr-system' content='tesseract 3.04.00' />
  <meta name='ocr-capabilities' content='ocr_page ocr_carea ocr_par ocr_line ocrx_word'/>
</head>
<body>
  <div class='ocr_page' id='page_1' title='image "aristophanisplu00thiegoog_0064.png"; bbox 0 0 2784 4959; ppageno 0'>
   <div class='ocr_carea' id='block_1_1' title="bbox 134 346 983 486">
    <p class='ocr_par' dir='ltr' id='par_1_1' title="bbox 134 346 983 486">
     <span class='ocr_line' id='line_1_1' title="bbox 134 346 983 486; baseline -0.002 -43"><span class='ocrx_word' id='word_1_1' title='bbox 134 396 230 486; x_wconf 49' lang='lat' dir='ltr'>,rx</span> <span class='ocrx_word' id='word_1_2' title='bbox 381 363 385 374; x_wconf 90' lang='lat'>·</span> <span class='ocrx_word' id='word_1_3' title='bbox 508 346 983 485; x_wconf 22' lang='lat' dir='ltr'>cottttr&#39;rttr&#39;rrro¹¹</span> 
     </span>
    </p>
   </div>
   <div class='ocr_carea' id='block_1_2' title="bbox 97 538 1381 2253">
    <p class='ocr_par' dir='ltr' id='par_1_2' title="bbox 97 538 1381 1861">
     <span class='ocr_line' id='line_1_2' title="bbox 183 538 1339 637; baseline -0.003 -18"><span class='ocrx_word' id='word_1_4' title='bbox 183 556 262 619; x_wconf 91' lang='lat' dir='ltr'>nihil</span> <span class='ocrx_word' id='word_1_5' title='bbox 280 574 319 616; x_wconf 89' lang='lat' dir='ltr'>ne</span> <span class='ocrx_word' id='word_1_6' title='bbox 333 552 456 635; x_wconf 78' lang='lat' dir='ltr'>eogitari</span> <span class='ocrx_word' id='word_1_7' title='bbox 469 552 587 635; x_wconf 87' lang='lat' dir='ltr'>quidem</span> <span class='ocrx_word' id='word_1_8' title='bbox 601 556 712 636; x_wconf 86' lang='lat' dir='ltr'>possit,</span> <span class='ocrx_word' id='word_1_9' title='bbox 735 538 818 636; x_wconf 83' lang='lat' dir='ltr'>quod</span> <span class='ocrx_word' id='word_1_10' title='bbox 838 546 875 618; x_wconf 88' lang='lat' dir='ltr'>de</span> <span class='ocrx_word' id='word_1_11' title='bbox 891 558 984 616; x_wconf 90' lang='lat' dir='ltr'>altero</span> <span class='ocrx_word' id='word_1_12' title='bbox 1003 542 1190 637; x_wconf 71' lang='lat' dir='ltr'>antiquitus</span> <span class='ocrx_word' id='word_1_13' title='bbox 1209 542 1339 615; x_wconf 80' lang='lat' dir='ltr'>narra-</span> 
     </span>
     <span class='ocr_line' id='line_1_3' title="bbox 104 656 1337 739; baseline -0.005 -20"><span class='ocrx_word' id='word_1_14' title='bbox 104 666 108 681; x_wconf 85' lang='lat'>‘</span> <span class='ocrx_word' id='word_1_15' title='bbox 179 669 247 719; x_wconf 83' lang='lat' dir='ltr'>tum</span> <span class='ocrx_word' id='word_1_16' title='bbox 265 666 344 734; x_wconf 85' lang='lat' dir='ltr'>erat,</span> <span class='ocrx_word' id='word_1_17' title='bbox 366 657 446 717; x_wconf 80' lang='lat' dir='ltr'>vitas</span> <span class='ocrx_word' id='word_1_18' title='bbox 467 656 598 739; x_wconf 76' lang='lat' dir='ltr'><strong>scriptor</strong></span> <span class='ocrx_word' id='word_1_19' title='bbox 622 656 660 717; x_wconf 81' lang='lat' dir='ltr'>sd</span> <span class='ocrx_word' id='word_1_20' title='bbox 682 660 810 736; x_wconf 83' lang='lat' dir='ltr'>alterum</span> <span class='ocrx_word' id='word_1_21' title='bbox 834 659 982 721; x_wconf 83' lang='lat' dir='ltr'>traduxit.</span> <span class='ocrx_word' id='word_1_22' title='bbox 1025 659 1244 738; x_wconf 75' lang='lat' dir='ltr'><strong>Posteaquam</strong></span> <span class='ocrx_word' id='word_1_23' title='bbox 1270 676 1337 714; x_wconf 81' lang='lat' dir='ltr'>en-</span> 
     </span>
     <span class='ocr_line' id='line_1_4' title="bbox 106 754 1336 841; baseline -0.003 -20"><span class='ocrx_word' id='word_1_24' title='bbox 106 754 114 827; x_wconf 72' lang='lat'><em>]</em></span> <span class='ocrx_word' id='word_1_25' title='bbox 183 758 344 841; x_wconf 86' lang='lat' dir='ltr'>tiquieeiusi</span> <span class='ocrx_word' id='word_1_26' title='bbox 366 759 526 839; x_wconf 71' lang='lat' dir='ltr'><strong>scriptores</strong></span> <span class='ocrx_word' id='word_1_27' title='bbox 548 780 610 817; x_wconf 89' lang='lat' dir='ltr'>uno</span> <span class='ocrx_word' id='word_1_28' title='bbox 630 778 680 819; x_wconf 86' lang='lat' dir='ltr'>ore</span> <span class='ocrx_word' id='word_1_29' title='bbox 705 770 915 841; x_wconf 69' lang='lat' dir='ltr'>narraverant,</span> <span class='ocrx_word' id='word_1_30' title='bbox 937 762 1089 820; x_wconf 80' lang='lat' dir='ltr'>Platonem</span> <span class='ocrx_word' id='word_1_31' title='bbox 1109 782 1187 821; x_wconf 89' lang='lat' dir='ltr'>cum</span> <span class='ocrx_word' id='word_1_32' title='bbox 1213 779 1336 818; x_wconf 89' lang='lat' dir='ltr'>more-</span> 
     </span>
     <span class='ocr_line' id='line_1_5' title="bbox 183 860 1334 944; baseline -0.004 -21"><span class='ocrx_word' id='word_1_33' title='bbox 183 872 270 923; x_wconf 84' lang='lat' dir='ltr'>retur</span> <span class='ocrx_word' id='word_1_34' title='bbox 288 860 453 942; x_wconf 85' lang='lat' dir='ltr'>Sophronia</span> <span class='ocrx_word' id='word_1_35' title='bbox 472 862 577 921; x_wconf 85' lang='lat' dir='ltr'>mimos</span> <span class='ocrx_word' id='word_1_36' title='bbox 599 860 692 943; x_wconf 82' lang='lat' dir='ltr'>ospiti</span> <span class='ocrx_word' id='word_1_37' title='bbox 707 862 878 944; x_wconf 88' lang='lat' dir='ltr'>suppositos</span> <span class='ocrx_word' id='word_1_38' title='bbox 899 861 1037 922; x_wconf 77' lang='lat' dir='ltr'>habuisse</span> <span class='ocrx_word' id='word_1_39' title='bbox 1054 862 1107 941; x_wconf 75' lang='lat'>³¹),</span> <span class='ocrx_word' id='word_1_40' title='bbox 1129 881 1229 922; x_wconf 90' lang='lat' dir='ltr'>nunc</span> <span class='ocrx_word' id='word_1_41' title='bbox 1252 880 1334 919; x_wconf 87' lang='lat' dir='ltr'>cum</span> 
     </span>
     <span class='ocr_line' id='line_1_6' title="bbox 177 961 1335 1045; baseline -0.005 -20"><span class='ocrx_word' id='word_1_42' title='bbox 177 964 341 1044; x_wconf 83' lang='lat' dir='ltr'>-Sopbrone</span> <span class='ocrx_word' id='word_1_43' title='bbox 365 964 502 1023; x_wconf 87' lang='lat' dir='ltr'>iunctum</span> <span class='ocrx_word' id='word_1_44' title='bbox 535 965 700 1043; x_wconf 87' lang='lat' dir='ltr'>reperimus</span> <span class='ocrx_word' id='word_1_45' title='bbox 733 965 972 1045; x_wconf 80' lang='lat' dir='ltr'>Aristophanem.</span> <span class='ocrx_word' id='word_1_46' title='bbox 1019 964 1112 1043; x_wconf 84' lang='lat' dir='ltr'>Atqui</span> <span class='ocrx_word' id='word_1_47' title='bbox 1141 961 1335 1043; x_wconf 78' lang='lat' dir='ltr'>Sophrone</span> 
     </span>
     <span class='ocr_line' id='line_1_7' title="bbox 182 1064 1329 1145; baseline -0.005 -18"><span class='ocrx_word' id='word_1_48' title='bbox 182 1066 270 1145; x_wconf 87' lang='lat' dir='ltr'>longe</span> <span class='ocrx_word' id='word_1_49' title='bbox 283 1064 340 1125; x_wconf 85' lang='lat' dir='ltr'>slis</span> <span class='ocrx_word' id='word_1_50' title='bbox 353 1065 391 1125; x_wconf 87' lang='lat' dir='ltr'>de</span> <span class='ocrx_word' id='word_1_51' title='bbox 409 1084 513 1125; x_wconf 84' lang='lat' dir='ltr'>oeuess</span> <span class='ocrx_word' id='word_1_52' title='bbox 532 1068 683 1127; x_wconf 76' lang='lat' dir='ltr'>Platonem</span> <span class='ocrx_word' id='word_1_53' title='bbox 696 1066 730 1125; x_wconf 92' lang='lat' dir='ltr'>in</span> <span class='ocrx_word' id='word_1_54' title='bbox 742 1068 965 1127; x_wconf 86' lang='lat' dir='ltr'>conscribendis</span> <span class='ocrx_word' id='word_1_55' title='bbox 979 1066 1104 1145; x_wconf 78' lang='lat' dir='ltr'>dialogis</span> <span class='ocrx_word' id='word_1_56' title='bbox 1119 1084 1220 1124; x_wconf 86' lang='lat' dir='ltr'>usum</span> <span class='ocrx_word' id='word_1_57' title='bbox 1245 1084 1329 1137; x_wconf 87' lang='lat' dir='ltr'>esse,</span> 
     </span>
     <span class='ocr_line' id='line_1_8' title="bbox 182 1164 1381 1249; baseline -0.003 -22"><span class='ocrx_word' id='word_1_58' title='bbox 182 1186 273 1247; x_wconf 85' lang='lat' dir='ltr'>quam</span> <span class='ocrx_word' id='word_1_59' title='bbox 293 1166 516 1249; x_wconf 75' lang='lat' dir='ltr'>Aristophane,¹</span> <span class='ocrx_word' id='word_1_60' title='bbox 534 1168 609 1227; x_wconf 88' lang='lat' dir='ltr'>mihi</span> <span class='ocrx_word' id='word_1_61' title='bbox 642 1168 761 1248; x_wconf 88' lang='lat' dir='ltr'>quidem</span> <span class='ocrx_word' id='word_1_62' title='bbox 783 1168 903 1230; x_wconf 85' lang='lat' dir='ltr'>videtur</span> <span class='ocrx_word' id='word_1_63' title='bbox 923 1180 1009 1231; x_wconf 77' lang='lat' dir='ltr'>extra</span> <span class='ocrx_word' id='word_1_64' title='bbox 1035 1188 1154 1228; x_wconf 88' lang='lat' dir='ltr'>omnem</span> <span class='ocrx_word' id='word_1_65' title='bbox 1182 1164 1330 1226; x_wconf 82' lang='lat' dir='ltr'>dubite—</span> <span class='ocrx_word' id='word_1_66' title='bbox 1380 1227 1381 1238; x_wconf 39' lang='lat'>,</span> 
     </span>
     <span class='ocr_line' id='line_1_9' title="bbox 140 1267 1327 1352; baseline -0.003 -23"><span class='ocrx_word' id='word_1_67' title='bbox 140 1336 145 1351; x_wconf 39' lang='grc'>,</span> <span class='ocrx_word' id='word_1_68' title='bbox 184 1270 295 1329; x_wconf 88' lang='lat' dir='ltr'>tionem</span> <span class='ocrx_word' id='word_1_69' title='bbox 314 1271 458 1351; x_wconf 86' lang='lat' dir='ltr'>positum.</span> <span class='ocrx_word' id='word_1_70' title='bbox 502 1270 602 1345; x_wconf 80' lang='lat' dir='ltr'>Quare</span> <span class='ocrx_word' id='word_1_71' title='bbox 620 1284 718 1350; x_wconf 85' lang='lat' dir='ltr'>neque</span> <span class='ocrx_word' id='word_1_72' title='bbox 744 1268 817 1330; x_wconf 77' lang='lat' dir='ltr'>b&#39;eec</span> <span class='ocrx_word' id='word_1_73' title='bbox 835 1290 932 1352; x_wconf 89' lang='lat' dir='ltr'>neque</span> <span class='ocrx_word' id='word_1_74' title='bbox 955 1271 1007 1331; x_wconf 86' lang='lat' dir='ltr'>ills</span> <span class='ocrx_word' id='word_1_75' title='bbox 1028 1270 1161 1330; x_wconf 85' lang='lat' dir='ltr'>nerrstio</span> <span class='ocrx_word' id='word_1_76' title='bbox 1180 1267 1327 1350; x_wconf 76' lang='lat' dir='ltr'>probari</span> 
     </span>
     <span class='ocr_line' id='line_1_10' title="bbox 137 1370 1328 1453; baseline -0.002 -22"><span class='ocrx_word' id='word_1_77' title='bbox 137 1378 142 1387; x_wconf 83' lang='lat'>&#39;</span> <span class='ocrx_word' id='word_1_78' title='bbox 185 1382 294 1453; x_wconf 88' lang='lat' dir='ltr'>potest.</span> <span class='ocrx_word' id='word_1_79' title='bbox 339 1374 424 1433; x_wconf 85' lang='lat' dir='ltr'>lllsrn</span> <span class='ocrx_word' id='word_1_80' title='bbox 442 1377 506 1433; x_wconf 78' lang='lat' dir='ltr'>noir</span> <span class='ocrx_word' id='word_1_81' title='bbox 523 1374 617 1453; x_wconf 88' lang='lat' dir='ltr'>magia</span> <span class='ocrx_word' id='word_1_82' title='bbox 635 1394 737 1434; x_wconf 79' lang='lat' dir='ltr'>veroin</span> <span class='ocrx_word' id='word_1_83' title='bbox 764 1374 881 1449; x_wconf 91' lang='lat' dir='ltr'>iudico,</span> <span class='ocrx_word' id='word_1_84' title='bbox 903 1393 992 1453; x_wconf 88' lang='lat' dir='ltr'>quem</span> <span class='ocrx_word' id='word_1_85' title='bbox 1011 1372 1094 1452; x_wconf 87' lang='lat' dir='ltr'>quod</span> <span class='ocrx_word' id='word_1_86' title='bbox 1113 1372 1151 1431; x_wconf 91' lang='lat' dir='ltr'>de</span> <span class='ocrx_word' id='word_1_87' title='bbox 1171 1370 1328 1452; x_wconf 87' lang='lat' dir='ltr'>Sophro-</span> 
     </span>
     <span class='ocr_line' id='line_1_11' title="bbox 185 1472 1324 1557; baseline -0.002 -25"><span class='ocrx_word' id='word_1_88' title='bbox 185 1474 232 1533; x_wconf 86' lang='lat' dir='ltr'>nia</span> <span class='ocrx_word' id='word_1_89' title='bbox 246 1475 347 1535; x_wconf 51' lang='lat' dir='ltr'>utimia¹</span> <span class='ocrx_word' id='word_1_90' title='bbox 355 1484 446 1535; x_wconf 80' lang='lat' dir='ltr'>entes</span> <span class='ocrx_word' id='word_1_91' title='bbox 463 1476 605 1553; x_wconf 88' lang='lat' dir='ltr'>neglectis</span> <span class='ocrx_word' id='word_1_92' title='bbox 618 1484 648 1535; x_wconf 86' lang='lat' dir='ltr'>et</span> <span class='ocrx_word' id='word_1_93' title='bbox 663 1496 679 1533; x_wconf 86' lang='lat' dir='ltr'>e</span> <span class='ocrx_word' id='word_1_94' title='bbox 693 1476 817 1536; x_wconf 75' lang='lat' dir='ltr'>Platone</span> <span class='ocrx_word' id='word_1_95' title='bbox 830 1476 959 1557; x_wconf 89' lang='lat' dir='ltr'>primum</span> <span class='ocrx_word' id='word_1_96' title='bbox 973 1474 1104 1535; x_wconf 79' lang='lat' dir='ltr'>Athenas</span> <span class='ocrx_word' id='word_1_97' title='bbox 1118 1472 1237 1532; x_wconf 78' lang='lat' dir='ltr'>deletis</span> <span class='ocrx_word' id='word_1_98' title='bbox 1254 1492 1324 1531; x_wconf 88' lang='lat' dir='ltr'>mc-</span> 
     </span>
     <span class='ocr_line' id='line_1_12' title="bbox 114 1573 1325 1659; baseline -0.001 -26"><span class='ocrx_word' id='word_1_99' title='bbox 114 1626 116 1633; x_wconf 69' lang='lat'>,</span> <span class='ocrx_word' id='word_1_100' title='bbox 182 1588 321 1637; x_wconf 74' lang='lat' dir='ltr'>onoratur</span> <span class='ocrx_word' id='word_1_101' title='bbox 342 1576 404 1655; x_wconf 51' lang='grc' dir='ltr'>’Ἲς</span> <span class='ocrx_word' id='word_1_102' title='bbox 425 1577 505 1638; x_wconf 90' lang='lat' dir='ltr'>hanc</span> <span class='ocrx_word' id='word_1_103' title='bbox 526 1578 565 1637; x_wconf 89' lang='lat' dir='ltr'>ad</span> <span class='ocrx_word' id='word_1_104' title='bbox 592 1578 729 1659; x_wconf 79' lang='lat' dir='ltr'>exempla</span> <span class='ocrx_word' id='word_1_105' title='bbox 746 1598 796 1653; x_wconf 83' lang='lat' dir='ltr'>er,</span> <span class='ocrx_word' id='word_1_106' title='bbox 818 1573 901 1657; x_wconf 71' lang='lat' dir='ltr'>quae&#39;</span> <span class='ocrx_word' id='word_1_107' title='bbox 917 1576 1041 1637; x_wconf 82' lang='lat' dir='ltr'>Photius</span> <span class='ocrx_word' id='word_1_108' title='bbox 1072 1596 1111 1635; x_wconf 87' lang='lat' dir='ltr'>ex</span> <span class='ocrx_word' id='word_1_109' title='bbox 1139 1574 1325 1635; x_wconf 79' lang='lat' dir='ltr'>Ptolemaei</span> 
     </span>
     <span class='ocr_line' id='line_1_13' title="bbox 182 1678 1322 1764; baseline 0 -27"><span class='ocrx_word' id='word_1_110' title='bbox 182 1678 413 1758; x_wconf 54' lang='lat' dir='ltr'>*Hephaestionis</span> <span class='ocrx_word' id='word_1_111' title='bbox 437 1680 495 1739; x_wconf 82' lang='lat' dir='ltr'>filii</span> <span class='ocrx_word' id='word_1_112' title='bbox 520 1682 598 1741; x_wconf 91' lang='lat' dir='ltr'>libro</span> <span class='ocrx_word' id='word_1_113' title='bbox 618 1680 757 1763; x_wconf 86' lang='lat' dir='ltr'>prodidit</span> <span class='ocrx_word' id='word_1_114' title='bbox 782 1678 825 1764; x_wconf 79' lang='lat'>³⁸)</span> <span class='ocrx_word' id='word_1_115' title='bbox 855 1680 1053 1760; x_wconf 75' lang='lat' dir='ltr'>excogitatam</span> <span class='ocrx_word' id='word_1_116' title='bbox 1078 1695 1232 1739; x_wconf 82' lang='lat' dir='ltr'>essenon</span> <span class='ocrx_word' id='word_1_117' title='bbox 1267 1688 1322 1737; x_wconf 87' lang='lat' dir='ltr'>te·</span> 
     </span>
     <span class='ocr_line' id='line_1_14' title="bbox 97 1780 483 1861; baseline 0.008 -21"><span class='ocrx_word' id='word_1_118' title='bbox 97 1801 100 1807; x_wconf 83' lang='grc'><strong>’</strong></span> <span class='ocrx_word' id='word_1_119' title='bbox 186 1800 267 1840; x_wconf 87' lang='lat' dir='ltr'>mere</span> <span class='ocrx_word' id='word_1_120' title='bbox 287 1782 416 1841; x_wconf 82' lang='lat' dir='ltr'>arbitror</span> <span class='ocrx_word' id='word_1_121' title='bbox 430 1780 483 1861; x_wconf 80' lang='lat'>³⁴).</span> 
     </span>
    </p>

    <p class='ocr_par' dir='ltr' id='par_1_3' title="bbox 139 1863 1317 2253">
     <span class='ocr_line' id='line_1_15' title="bbox 139 1863 1317 1962; baseline -0.002 -21"><span class='ocrx_word' id='word_1_122' title='bbox 139 1863 142 1873; x_wconf 29' lang='lat'>¹</span> <span class='ocrx_word' id='word_1_123' title='bbox 272 1882 355 1955; x_wconf 77' lang='lat' dir='ltr'>Quae</span> <span class='ocrx_word' id='word_1_124' title='bbox 378 1904 471 1961; x_wconf 89' lang='lat' dir='ltr'>quum</span> <span class='ocrx_word' id='word_1_125' title='bbox 493 1885 541 1943; x_wconf 83' lang='lat' dir='ltr'>ito</span> <span class='ocrx_word' id='word_1_126' title='bbox 561 1886 638 1961; x_wconf 87' lang='lat' dir='ltr'>sint,</span> <span class='ocrx_word' id='word_1_127' title='bbox 667 1884 706 1944; x_wconf 88' lang='lat' dir='ltr'>sd</span> <span class='ocrx_word' id='word_1_128' title='bbox 733 1884 914 1946; x_wconf 81' lang='lat' dir='ltr'>convivium</span> <span class='ocrx_word' id='word_1_129' title='bbox 942 1886 1075 1945; x_wconf 75' lang='lat' dir='ltr'>Plutonis</span> <span class='ocrx_word' id='word_1_130' title='bbox 1097 1882 1220 1962; x_wconf 90' lang='lat' dir='ltr'>eiusque</span> <span class='ocrx_word' id='word_1_131' title='bbox 1249 1882 1317 1962; x_wconf 86' lang='lat' dir='ltr'>opi.</span> 
     </span>
     <span class='ocr_line' id='line_1_16' title="bbox 170 1984 1315 2069; baseline -0.002 -26"><span class='ocrx_word' id='word_1_132' title='bbox 170 2004 317 2064; x_wconf 66' lang='lat' dir='ltr'>vgramme</span> <span class='ocrx_word' id='word_1_133' title='bbox 330 1984 481 2059; x_wconf 85' lang='lat' dir='ltr'>redimus,</span> <span class='ocrx_word' id='word_1_134' title='bbox 504 1986 623 2065; x_wconf 89' lang='lat' dir='ltr'>illisque</span> <span class='ocrx_word' id='word_1_135' title='bbox 644 1987 677 2047; x_wconf 88' lang='lat' dir='ltr'>in</span> <span class='ocrx_word' id='word_1_136' title='bbox 690 1988 866 2049; x_wconf 77' lang='lat' dir='ltr'>testimoniis</span> <span class='ocrx_word' id='word_1_137' title='bbox 880 1988 1066 2069; x_wconf 81' lang='lat' dir='ltr'>acquiescere</span> <span class='ocrx_word' id='word_1_138' title='bbox 1082 1986 1188 2063; x_wconf 79' lang='lat' dir='ltr'>coacti,</span> <span class='ocrx_word' id='word_1_139' title='bbox 1211 2006 1315 2065; x_wconf 84' lang='lat' dir='ltr'>quum</span> 
     </span>
     <span class='ocr_line' id='line_1_17' title="bbox 187 2086 1314 2168; baseline 0.002 -24"><span class='ocrx_word' id='word_1_140' title='bbox 187 2106 221 2145; x_wconf 81' lang='lat' dir='ltr'>ec</span> <span class='ocrx_word' id='word_1_141' title='bbox 243 2086 282 2145; x_wconf 82' lang='lat' dir='ltr'>sd</span> <span class='ocrx_word' id='word_1_142' title='bbox 302 2105 366 2146; x_wconf 86' lang='lat' dir='ltr'>rem</span> <span class='ocrx_word' id='word_1_143' title='bbox 390 2088 649 2157; x_wconf 82' lang='lat' dir='ltr'>demonstrandam</span> <span class='ocrx_word' id='word_1_144' title='bbox 674 2091 804 2150; x_wconf 81' lang='lat' dir='ltr'>maxime</span> <span class='ocrx_word' id='word_1_145' title='bbox 829 2090 939 2151; x_wconf 85' lang='lat' dir='ltr'>idonee</span> <span class='ocrx_word' id='word_1_146' title='bbox 959 2089 1036 2168; x_wconf 88' lang='lat' dir='ltr'>sint,</span> <span class='ocrx_word' id='word_1_147' title='bbox 1063 2088 1179 2168; x_wconf 81' lang='lat' dir='ltr'>relique</span> <span class='ocrx_word' id='word_1_148' title='bbox 1203 2088 1314 2147; x_wconf 88' lang='lat' dir='ltr'>animo</span> 
     </span>
     <span class='ocr_line' id='line_1_18' title="bbox 187 2188 484 2253; baseline 0 -4"><span class='ocrx_word' id='word_1_149' title='bbox 187 2188 310 2249; x_wconf 83' lang='lat' dir='ltr'>lubente</span> <span class='ocrx_word' id='word_1_150' title='bbox 328 2188 484 2253; x_wconf 87' lang='lat' dir='ltr'>mittimus.</span> 
     </span>
    </p>
   </div>
   <div class='ocr_carea' id='block_1_3' title="bbox 716 2391 780 2465">
    <p class='ocr_par' dir='ltr' id='par_1_4' title="bbox 716 2391 780 2465">
     <span class='ocr_line' id='line_1_19' title="bbox 716 2391 780 2465; baseline 0 0"><span class='ocrx_word' id='word_1_151' title='bbox 716 2391 780 2465; x_wconf 91' lang='lat' dir='ltr'>Ill.</span> 
     </span>
    </p>
   </div>
   <div class='ocr_carea' id='block_1_4' title="bbox 105 2540 1311 3449">
    <p class='ocr_par' dir='ltr' id='par_1_5' title="bbox 105 2540 1311 3449">
     <span class='ocr_line' id='line_1_20' title="bbox 272 2540 1311 2629; baseline 0.002 -24"><span class='ocrx_word' id='word_1_152' title='bbox 272 2544 327 2605; x_wconf 84' lang='lat' dir='ltr'>llis</span> <span class='ocrx_word' id='word_1_153' title='bbox 353 2543 512 2627; x_wconf 83' lang='lat' dir='ltr'>expositis,</span> <span class='ocrx_word' id='word_1_154' title='bbox 544 2564 562 2605; x_wconf 85' lang='lat' dir='ltr'>e</span> <span class='ocrx_word' id='word_1_155' title='bbox 591 2547 794 2629; x_wconf 86' lang='lat' dir='ltr'>temporibus,</span> <span class='ocrx_word' id='word_1_156' title='bbox 827 2547 935 2627; x_wconf 85' lang='lat' dir='ltr'>quibus</span> <span class='ocrx_word' id='word_1_157' title='bbox 958 2546 1022 2628; x_wconf 88' lang='lat' dir='ltr'>ipse</span> <span class='ocrx_word' id='word_1_158' title='bbox 1053 2546 1148 2607; x_wconf 79' lang='lat' dir='ltr'>vitem</span> <span class='ocrx_word' id='word_1_159' title='bbox 1164 2540 1311 2625; x_wconf 80' lang='lat' dir='ltr'>&#39;degebat</span> 
     </span>
     <span class='ocr_line' id='line_1_21' title="bbox 183 2628 1310 2728; baseline -0.004 -17"><span class='ocrx_word' id='word_1_160' title='bbox 183 2628 418 2728; x_wconf 62' lang='lat' dir='ltr'>Aristophanes,</span> <span class='ocrx_word' id='word_1_161' title='bbox 455 2647 592 2709; x_wconf 83' lang='lat' dir='ltr'>recedere</span> <span class='ocrx_word' id='word_1_162' title='bbox 626 2651 787 2727; x_wconf 86' lang='lat' dir='ltr'>oculosque</span> <span class='ocrx_word' id='word_1_163' title='bbox 813 2650 852 2707; x_wconf 88' lang='lat' dir='ltr'>ad</span> <span class='ocrx_word' id='word_1_164' title='bbox 883 2649 1089 2728; x_wconf 81' lang='lat' dir='ltr'>posteritatem</span> <span class='ocrx_word' id='word_1_165' title='bbox 1119 2657 1310 2721; x_wconf 78' lang='lat' dir='ltr'>convertere,</span> 
     </span>
     <span class='ocr_line' id='line_1_22' title="bbox 117 2748 1307 2831; baseline -0.003 -18"><span class='ocrx_word' id='word_1_166' title='bbox 117 2794 136 2813; x_wconf 91' lang='lat'><strong><em>.</em></strong></span> <span class='ocrx_word' id='word_1_167' title='bbox 187 2752 308 2811; x_wconf 88' lang='lat' dir='ltr'>testium</span> <span class='ocrx_word' id='word_1_168' title='bbox 331 2770 436 2829; x_wconf 81' lang='lat' dir='ltr'>magns</span> <span class='ocrx_word' id='word_1_169' title='bbox 455 2750 582 2831; x_wconf 82' lang='lat' dir='ltr'>penurie</span> <span class='ocrx_word' id='word_1_170' title='bbox 604 2752 745 2829; x_wconf 82' lang='lat' dir='ltr'>cogimur.</span> <span class='ocrx_word' id='word_1_171' title='bbox 787 2750 888 2827; x_wconf 84' lang='lat' dir='ltr'>Neque</span> <span class='ocrx_word' id='word_1_172' title='bbox 909 2768 982 2807; x_wconf 85' lang='lat' dir='ltr'>vero</span> <span class='ocrx_word' id='word_1_173' title='bbox 1001 2749 1138 2829; x_wconf 83' lang='lat' dir='ltr'>proximo</span> <span class='ocrx_word' id='word_1_174' title='bbox 1152 2759 1221 2830; x_wconf 88' lang='lat' dir='ltr'>post</span> <span class='ocrx_word' id='word_1_175' title='bbox 1238 2748 1307 2810; x_wconf 87' lang='lat' dir='ltr'>eius</span> 
     </span>
     <span class='ocr_line' id='line_1_23' title="bbox 187 2850 1307 2933; baseline -0.003 -20"><span class='ocrx_word' id='word_1_176' title='bbox 187 2862 314 2915; x_wconf 85' lang='lat' dir='ltr'>mortem</span> <span class='ocrx_word' id='word_1_177' title='bbox 335 2860 430 2913; x_wconf 82' lang='lat' dir='ltr'>estete</span> <span class='ocrx_word' id='word_1_178' title='bbox 450 2852 525 2933; x_wconf 84' lang='lat' dir='ltr'>quid</span> <span class='ocrx_word' id='word_1_179' title='bbox 551 2852 687 2913; x_wconf 85' lang='lat' dir='ltr'>homines</span> <span class='ocrx_word' id='word_1_180' title='bbox 706 2850 743 2909; x_wconf 89' lang='lat' dir='ltr'>de</span> <span class='ocrx_word' id='word_1_181' title='bbox 765 2870 800 2909; x_wconf 92' lang='lat' dir='ltr'>eo</span> <span class='ocrx_word' id='word_1_182' title='bbox 823 2850 979 2925; x_wconf 81' lang='lat' dir='ltr'>senserint,</span> <span class='ocrx_word' id='word_1_183' title='bbox 1007 2852 1078 2909; x_wconf 80' lang='lat' dir='ltr'>ertia</span> <span class='ocrx_word' id='word_1_184' title='bbox 1104 2861 1234 2912; x_wconf 88' lang='lat' dir='ltr'>constat.</span> <span class='ocrx_word' id='word_1_185' title='bbox 1279 2852 1307 2911; x_wconf 98' lang='lat' dir='ltr'>A</span> 
     </span>
     <span class='ocr_line' id='line_1_24' title="bbox 105 2950 1306 3033; baseline -0.003 -16"><span class='ocrx_word' id='word_1_186' title='bbox 105 2960 109 2965; x_wconf 82' lang='grc'><em>“</em></span> <span class='ocrx_word' id='word_1_187' title='bbox 188 2957 313 3026; x_wconf 76' lang='lat' dir='ltr'>Plutone</span> <span class='ocrx_word' id='word_1_188' title='bbox 331 2964 428 3015; x_wconf 86' lang='lat' dir='ltr'>sutem</span> <span class='ocrx_word' id='word_1_189' title='bbox 449 2956 487 3013; x_wconf 83' lang='lat' dir='ltr'>sd</span> <span class='ocrx_word' id='word_1_190' title='bbox 504 2952 693 3012; x_wconf 75' lang='lat' dir='ltr'>Aristotelem</span> <span class='ocrx_word' id='word_1_191' title='bbox 717 2950 892 3029; x_wconf 89' lang='lat' dir='ltr'>transitum,</span> <span class='ocrx_word' id='word_1_192' title='bbox 921 2972 1015 3033; x_wconf 90' lang='lat' dir='ltr'>quum</span> <span class='ocrx_word' id='word_1_193' title='bbox 1034 2952 1157 3013; x_wconf 77' lang='lat' dir='ltr'>alterius</span> <span class='ocrx_word' id='word_1_194' title='bbox 1176 2953 1306 3033; x_wconf 77' lang='lat' dir='ltr'>glorians</span> 
     </span>
     <span class='ocr_line' id='line_1_25' title="bbox 189 3054 1304 3139; baseline -0.002 -20"><span class='ocrx_word' id='word_1_195' title='bbox 189 3057 275 3139; x_wconf 84' lang='lat' dir='ltr'>qusai</span> <span class='ocrx_word' id='word_1_196' title='bbox 288 3054 449 3121; x_wconf 78' lang='lat' dir='ltr'>hereditate</span> <span class='ocrx_word' id='word_1_197' title='bbox 461 3054 609 3133; x_wconf 79' lang='lat' dir='ltr'>occeperit</span> <span class='ocrx_word' id='word_1_198' title='bbox 623 3054 707 3130; x_wconf 82' lang='lat' dir='ltr'>alter,</span> <span class='ocrx_word' id='word_1_199' title='bbox 729 3074 776 3114; x_wconf 90' lang='lat' dir='ltr'>rea</span> <span class='ocrx_word' id='word_1_200' title='bbox 787 3055 852 3134; x_wconf 83' lang='lat' dir='ltr'>ipse</span> <span class='ocrx_word' id='word_1_201' title='bbox 862 3056 1020 3135; x_wconf 87' lang='lat' dir='ltr'>postulare</span> <span class='ocrx_word' id='word_1_202' title='bbox 1033 3056 1163 3116; x_wconf 83' lang='lat' dir='ltr'>videtur.</span> <span class='ocrx_word' id='word_1_203' title='bbox 1185 3058 1304 3118; x_wconf 86' lang='lat' dir='ltr'>Etenim</span> 
     </span>
     <span class='ocr_line' id='line_1_26' title="bbox 188 3154 1305 3243; baseline 0 -22"><span class='ocrx_word' id='word_1_204' title='bbox 188 3170 225 3220; x_wconf 85' lang='lat' dir='ltr'>ut</span> <span class='ocrx_word' id='word_1_205' title='bbox 243 3160 416 3243; x_wconf 74' lang='lat' dir='ltr'>Aristoteles</span> <span class='ocrx_word' id='word_1_206' title='bbox 440 3158 539 3217; x_wconf 84' lang='lat' dir='ltr'>statim</span> <span class='ocrx_word' id='word_1_207' title='bbox 557 3156 590 3219; x_wconf 86' lang='lat' dir='ltr'>in</span> <span class='ocrx_word' id='word_1_208' title='bbox 610 3156 697 3215; x_wconf 89' lang='lat' dir='ltr'>initio</span> <span class='ocrx_word' id='word_1_209' title='bbox 718 3156 788 3215; x_wconf 91' lang='lat' dir='ltr'>libri</span> <span class='ocrx_word' id='word_1_210' title='bbox 811 3154 848 3215; x_wconf 91' lang='lat' dir='ltr'>de</span> <span class='ocrx_word' id='word_1_211' title='bbox 874 3166 937 3217; x_wconf 85' lang='lat' dir='ltr'>erte</span> <span class='ocrx_word' id='word_1_212' title='bbox 961 3158 1082 3239; x_wconf 85' lang='lat' dir='ltr'>po&#39;e‘tics</span> <span class='ocrx_word' id='word_1_213' title='bbox 1101 3158 1223 3241; x_wconf 76' lang='lat' dir='ltr'>scriptI,</span> <span class='ocrx_word' id='word_1_214' title='bbox 1252 3160 1305 3221; x_wconf 90' lang='lat' dir='ltr'>ubi</span> 
     </span>
     <span class='ocr_line' id='line_1_27' title="bbox 190 3238 1304 3341; baseline 0 -18"><span class='ocrx_word' id='word_1_215' title='bbox 190 3238 227 3325; x_wconf 82' lang='lat' dir='ltr'>de</span> <span class='ocrx_word' id='word_1_216' title='bbox 250 3272 314 3323; x_wconf 85' lang='lat' dir='ltr'>toto</span> <span class='ocrx_word' id='word_1_217' title='bbox 332 3262 416 3341; x_wconf 74' lang='lat' dir='ltr'>potisi</span> <span class='ocrx_word' id='word_1_218' title='bbox 437 3258 579 3341; x_wconf 85' lang='lat' dir='ltr'>exponit,</span> <span class='ocrx_word' id='word_1_219' title='bbox 607 3256 740 3323; x_wconf 79' lang='lat' dir='ltr'>Plutonis</span> <span class='ocrx_word' id='word_1_220' title='bbox 761 3258 886 3339; x_wconf 85' lang='lat' dir='ltr'>vestigia</span> <span class='ocrx_word' id='word_1_221' title='bbox 910 3262 1020 3341; x_wconf 83' lang='lat' dir='ltr'>pressit</span> <span class='ocrx_word' id='word_1_222' title='bbox 1040 3256 1098 3341; x_wconf 52' lang='grc' dir='ltr'>Ἧι</span> <span class='ocrx_word' id='word_1_223' title='bbox 1122 3261 1182 3332; x_wconf 82' lang='lat' dir='ltr'>its,</span> <span class='ocrx_word' id='word_1_224' title='bbox 1205 3264 1304 3334; x_wconf 85' lang='lat' dir='ltr'>credo,</span> 
     </span>
     <span class='ocr_line' id='line_1_28' title="bbox 189 3361 1304 3449; baseline -0.001 -24"><span class='ocrx_word' id='word_1_225' title='bbox 189 3366 391 3449; x_wconf 78' lang='lat' dir='ltr'>praeceptoris</span> <span class='ocrx_word' id='word_1_226' title='bbox 406 3364 520 3429; x_wconf 88' lang='lat' dir='ltr'>iudicio</span> <span class='ocrx_word' id='word_1_227' title='bbox 544 3364 689 3446; x_wconf 80' lang='lat' dir='ltr'>probato,</span> <span class='ocrx_word' id='word_1_228' title='bbox 712 3361 866 3445; x_wconf 73' lang='lat' dir='ltr'>antiquam</span> <span class='ocrx_word' id='word_1_229' title='bbox 885 3363 1069 3424; x_wconf 77' lang='lat' dir='ltr'>comoediam</span> <span class='ocrx_word' id='word_1_230' title='bbox 1089 3364 1231 3425; x_wconf 81' lang='lat' dir='ltr'>universe</span> <span class='ocrx_word' id='word_1_231' title='bbox 1249 3366 1304 3424; x_wconf 84' lang='lat' dir='ltr'>rni-</span> 
     </span>
    </p>
   </div>
   <div class='ocr_carea' id='block_1_5' title="bbox 190 3532 398 3557">
    <p class='ocr_par' dir='ltr' id='par_1_6' title="bbox 190 3532 398 3557">
     <span class='ocr_line' id='line_1_29' title="bbox 190 3532 398 3557; baseline -0.005 -5"><span class='ocrx_word' id='word_1_232' title='bbox 190 3532 398 3557; x_wconf 59' lang='grc' dir='ltr'>φ-υ-ι-φ-Η-</span> 
     </span>
    </p>
   </div>
   <div class='ocr_carea' id='block_1_6' title="bbox 213 3614 1301 3825">
    <p class='ocr_par' dir='ltr' id='par_1_7' title="bbox 213 3614 1301 3825">
     <span class='ocr_line' id='line_1_30' title="bbox 224 3614 1301 3697; baseline -0.006 -19"><span class='ocrx_word' id='word_1_233' title='bbox 224 3626 261 3697; x_wconf 80' lang='lat'>¹¹)</span> <span class='ocrx_word' id='word_1_234' title='bbox 279 3622 469 3688; x_wconf 77' lang='lat' dir='ltr'>Quinctillsnus</span> <span class='ocrx_word' id='word_1_235' title='bbox 494 3616 591 3675; x_wconf 86' lang='lat' dir='ltr'>Institt.</span> <span class='ocrx_word' id='word_1_236' title='bbox 614 3615 662 3673; x_wconf 85' lang='lat' dir='ltr'>Or.</span> <span class='ocrx_word' id='word_1_237' title='bbox 685 3616 709 3677; x_wconf 83' lang='lat' dir='ltr'>l,</span> <span class='ocrx_word' id='word_1_238' title='bbox 728 3618 770 3672; x_wconf 90' lang='lat' dir='ltr'>to.</span> <span class='ocrx_word' id='word_1_239' title='bbox 793 3614 852 3672; x_wconf 86' lang='lat' dir='ltr'>Vel.</span> <span class='ocrx_word' id='word_1_240' title='bbox 871 3614 941 3669; x_wconf 84' lang='lat' dir='ltr'>Max.</span> <span class='ocrx_word' id='word_1_241' title='bbox 959 3616 1031 3679; x_wconf 82' lang='lat' dir='ltr'>Vlll,</span> <span class='ocrx_word' id='word_1_242' title='bbox 1048 3618 1074 3673; x_wconf 88' lang='grc'>7.</span> <span class='ocrx_word' id='word_1_243' title='bbox 1096 3616 1242 3671; x_wconf 78' lang='lat' dir='ltr'>Athenaeus</span> <span class='ocrx_word' id='word_1_244' title='bbox 1257 3618 1301 3683; x_wconf 84' lang='lat' dir='ltr'>lll,</span> 
     </span>
     <span class='ocr_line' id='line_1_31' title="bbox 213 3684 1299 3758; baseline -0.005 -12"><span class='ocrx_word' id='word_1_245' title='bbox 213 3700 214 3703; x_wconf 77' lang='grc'>’</span> <span class='ocrx_word' id='word_1_246' title='bbox 278 3694 319 3749; x_wconf 87' lang='grc'>15.</span> <span class='ocrx_word' id='word_1_247' title='bbox 337 3690 415 3758; x_wconf 87' lang='lat' dir='ltr'>Diog.</span> <span class='ocrx_word' id='word_1_248' title='bbox 437 3690 522 3739; x_wconf 69' lang='lat' dir='ltr'>hstrt.</span> <span class='ocrx_word' id='word_1_249' title='bbox 540 3684 587 3749; x_wconf 92' lang='lat' dir='ltr'>lll,</span> <span class='ocrx_word' id='word_1_250' title='bbox 608 3687 649 3739; x_wconf 78' lang='lat' dir='ltr'>te.</span> <span class='ocrx_word' id='word_1_251' title='bbox 669 3684 703 3737; x_wconf 86' lang='lat' dir='ltr'>ci.</span> <span class='ocrx_word' id='word_1_252' title='bbox 721 3684 989 3755; x_wconf 67' lang='lat' dir='ltr'>Menegvalckerar.</span> <span class='ocrx_word' id='word_1_253' title='bbox 1002 3686 1110 3743; x_wconf 82' lang='lat' dir='ltr'>Aduott.</span> <span class='ocrx_word' id='word_1_254' title='bbox 1126 3686 1162 3741; x_wconf 88' lang='lat' dir='ltr'>ad</span> <span class='ocrx_word' id='word_1_255' title='bbox 1176 3686 1299 3741; x_wconf 74' lang='lat' dir='ltr'>Atreias.</span> 
     </span>
     <span class='ocr_line' id='line_1_32' title="bbox 277 3754 738 3825; baseline -0.024 -8"><span class='ocrx_word' id='word_1_256' title='bbox 277 3764 391 3817; x_wconf 85' lang='lat' dir='ltr'>Theocr.</span> <span class='ocrx_word' id='word_1_257' title='bbox 410 3757 459 3813; x_wconf 81' lang='lat' dir='ltr'>ttd.</span> <span class='ocrx_word' id='word_1_258' title='bbox 476 3754 563 3809; x_wconf 87' lang='lat' dir='ltr'>Berol.</span> <span class='ocrx_word' id='word_1_259' title='bbox 582 3770 609 3825; x_wconf 84' lang='lat' dir='ltr'>p.</span> <span class='ocrx_word' id='word_1_260' title='bbox 627 3756 738 3809; x_wconf 82' lang='lat'><strong>9-10.</strong></span> 
     </span>
    </p>
   </div>
   <div class='ocr_carea' id='block_1_7' title="bbox 225 3854 1299 4001">
    <p class='ocr_par' dir='ltr' id='par_1_8' title="bbox 225 3854 1299 4001">
     <span class='ocr_line' id='line_1_33' title="bbox 225 3854 1299 3936; baseline -0.011 -18"><span class='ocrx_word' id='word_1_261' title='bbox 225 3868 264 3936; x_wconf 65' lang='lat'>³²)</span> <span class='ocrx_word' id='word_1_262' title='bbox 284 3865 361 3929; x_wconf 75' lang='lat' dir='ltr'>Diog.</span> <span class='ocrx_word' id='word_1_263' title='bbox 387 3862 475 3915; x_wconf 71' lang='lat' dir='ltr'>haere</span> <span class='ocrx_word' id='word_1_264' title='bbox 507 3859 524 3913; x_wconf 93' lang='lat' dir='ltr'>l.</span> <span class='ocrx_word' id='word_1_265' title='bbox 550 3858 569 3911; x_wconf 88' lang='lat' dir='ltr'>l.</span> <span class='ocrx_word' id='word_1_266' title='bbox 593 3856 737 3927; x_wconf 85' lang='lat' dir='ltr'>Sophronis</span> <span class='ocrx_word' id='word_1_267' title='bbox 760 3854 927 3916; x_wconf 78' lang='lat' dir='ltr'>imitationem</span> <span class='ocrx_word' id='word_1_268' title='bbox 952 3858 986 3912; x_wconf 87' lang='lat' dir='ltr'>ab</span> <span class='ocrx_word' id='word_1_269' title='bbox 1009 3858 1185 3929; x_wconf 65' lang='lat' dir='ltr'>Aristophane</span> <span class='ocrx_word' id='word_1_270' title='bbox 1210 3859 1299 3915; x_wconf 63' lang='lat' dir='ltr'>taem</span> 
     </span>
     <span class='ocr_line' id='line_1_34' title="bbox 278 3928 749 4001; baseline -0.017 -12"><span class='ocrx_word' id='word_1_271' title='bbox 278 3930 428 4001; x_wconf 71' lang='lat' dir='ltr'>saepissime</span> <span class='ocrx_word' id='word_1_272' title='bbox 444 3928 599 3985; x_wconf 81' lang='lat' dir='ltr'>scholiastae</span> <span class='ocrx_word' id='word_1_273' title='bbox 615 3934 749 3985; x_wconf 68' lang='lat' dir='ltr'>nommet-</span> 
     </span>
    </p>
   </div>
   <div class='ocr_carea' id='block_1_8' title="bbox 226 4029 569 4110">
    <p class='ocr_par' dir='ltr' id='par_1_9' title="bbox 226 4029 569 4110">
     <span class='ocr_line' id='line_1_35' title="bbox 226 4029 569 4110; baseline -0.003 -19"><span class='ocrx_word' id='word_1_274' title='bbox 226 4040 264 4110; x_wconf 71' lang='grc' dir='ltr'>υ)</span> <span class='ocrx_word' id='word_1_275' title='bbox 281 4034 349 4099; x_wconf 76' lang='lat' dir='ltr'>rtet,</span> <span class='ocrx_word' id='word_1_276' title='bbox 366 4032 447 4100; x_wconf 85' lang='lat' dir='ltr'>cxc,</span> <span class='ocrx_word' id='word_1_277' title='bbox 466 4050 491 4106; x_wconf 70' lang='lat' dir='ltr'>p.</span> <span class='ocrx_word' id='word_1_278' title='bbox 509 4029 569 4092; x_wconf 80' lang='lat' dir='ltr'>est.</span> 
     </span>
    </p>
   </div>
   <div class='ocr_carea' id='block_1_9' title="bbox 226 4106 1297 4274">
    <p class='ocr_par' dir='ltr' id='par_1_10' title="bbox 226 4106 1297 4274">
     <span class='ocr_line' id='line_1_36' title="bbox 226 4106 1297 4212; baseline 0.007 -27"><span class='ocrx_word' id='word_1_279' title='bbox 226 4144 267 4212; x_wconf 65' lang='grc' dir='ltr'>ν)</span> <span class='ocrx_word' id='word_1_280' title='bbox 284 4140 367 4195; x_wconf 86' lang='lat' dir='ltr'>Aliter</span> <span class='ocrx_word' id='word_1_281' title='bbox 384 4138 416 4197; x_wconf 82' lang='lat' dir='ltr'>(le</span> <span class='ocrx_word' id='word_1_282' title='bbox 435 4137 473 4191; x_wconf 88' lang='lat' dir='ltr'>bis</span> <span class='ocrx_word' id='word_1_283' title='bbox 491 4137 568 4197; x_wconf 82' lang='lat' dir='ltr'>rebus</span> <span class='ocrx_word' id='word_1_284' title='bbox 585 4134 684 4196; x_wconf 82' lang='lat' dir='ltr'>iudicat</span> <span class='ocrx_word' id='word_1_285' title='bbox 708 4135 866 4191; x_wconf 76' lang='lat' dir='ltr'>[tistsohems</span> <span class='ocrx_word' id='word_1_286' title='bbox 891 4136 971 4190; x_wconf 78' lang='lat' dir='ltr'>Arist</span> <span class='ocrx_word' id='word_1_287' title='bbox 996 4154 1024 4206; x_wconf 85' lang='lat' dir='ltr'>p.</span> <span class='ocrx_word' id='word_1_288' title='bbox 1042 4140 1078 4191; x_wconf 76' lang='lat'>20</span> <span class='ocrx_word' id='word_1_289' title='bbox 1094 4154 1153 4206; x_wconf 81' lang='lat' dir='ltr'>sqq.</span> <span class='ocrx_word' id='word_1_290' title='bbox 1176 4106 1297 4193; x_wconf 62' lang='lat' dir='ltr'>utente</span> 
     </span>
     <span class='ocr_line' id='line_1_37' title="bbox 278 4206 1166 4274; baseline -0.009 -9"><span class='ocrx_word' id='word_1_291' title='bbox 278 4214 345 4265; x_wconf 87' lang='lat' dir='ltr'>hunc</span> <span class='ocrx_word' id='word_1_292' title='bbox 362 4210 397 4269; x_wconf 83' lang='grc' dir='ltr'>Η.</span> <span class='ocrx_word' id='word_1_293' title='bbox 417 4206 526 4264; x_wconf 80' lang='lat' dir='ltr'>Grotius</span> <span class='ocrx_word' id='word_1_294' title='bbox 542 4220 583 4274; x_wconf 86' lang='lat' dir='ltr'>ep.</span> <span class='ocrx_word' id='word_1_295' title='bbox 603 4207 654 4263; x_wconf 80' lang='lat'>³99</span> <span class='ocrx_word' id='word_1_296' title='bbox 673 4220 727 4258; x_wconf 84' lang='lat' dir='ltr'>rem</span> <span class='ocrx_word' id='word_1_297' title='bbox 744 4206 904 4263; x_wconf 69' lang='lat' dir='ltr'>verissima·</span> <span class='ocrx_word' id='word_1_298' title='bbox 920 4223 979 4260; x_wconf 90' lang='lat' dir='ltr'>esae</span> <span class='ocrx_word' id='word_1_299' title='bbox 994 4206 1166 4261; x_wconf 75' lang='lat' dir='ltr'>iudicarent.</span> 
     </span>
    </p>
   </div>
   <div class='ocr_carea' id='block_1_10' title="bbox 161 4306 1009 4383">
    <p class='ocr_par' dir='ltr' id='par_1_11' title="bbox 161 4306 1009 4383">
     <span class='ocr_line' id='line_1_38' title="bbox 161 4306 1009 4383; baseline 0.033 -29"><span class='ocrx_word' id='word_1_300' title='bbox 161 4336 166 4345; x_wconf 71' lang='lat'><strong>·</strong></span> <span class='ocrx_word' id='word_1_301' title='bbox 228 4316 266 4383; x_wconf 68' lang='grc' dir='ltr'>ιο)</span> <span class='ocrx_word' id='word_1_302' title='bbox 284 4312 325 4367; x_wconf 75' lang='lat' dir='ltr'>ct</span> <span class='ocrx_word' id='word_1_303' title='bbox 344 4313 433 4371; x_wconf 75' lang='lat' dir='ltr'>Horu.</span> <span class='ocrx_word' id='word_1_304' title='bbox 453 4310 487 4367; x_wconf 90' lang='lat' dir='ltr'>ad</span> <span class='ocrx_word' id='word_1_305' title='bbox 504 4310 612 4369; x_wconf 84' lang='lat' dir='ltr'>Aristct.</span> <span class='ocrx_word' id='word_1_306' title='bbox 630 4306 664 4361; x_wconf 88' lang='lat' dir='ltr'>de</span> <span class='ocrx_word' id='word_1_307' title='bbox 680 4314 738 4365; x_wconf 86' lang='lat' dir='ltr'>arte</span> <span class='ocrx_word' id='word_1_308' title='bbox 754 4312 823 4381; x_wconf 76' lang='lat' dir='ltr'>poet</span> <span class='ocrx_word' id='word_1_309' title='bbox 841 4327 868 4379; x_wconf 75' lang='lat' dir='ltr'>p·</span> <span class='ocrx_word' id='word_1_310' title='bbox 885 4310 919 4366; x_wconf 77' lang='lat'>84</span> <span class='ocrx_word' id='word_1_311' title='bbox 935 4327 1009 4381; x_wconf 56' lang='lat' dir='ltr'>wll·</span> 
     </span>
    </p>
   </div>
   <div class='ocr_carea' id='block_1_11' title="bbox 0 0 1410 4959">
    <p class='ocr_par' dir='ltr' id='par_1_12' title="bbox 0 0 1410 4959">
     <span class='ocr_line' id='line_1_39' title="bbox 0 0 1410 4959; baseline 0 0"><span class='ocrx_word' id='word_1_312' title='bbox 0 0 1410 4959; x_wconf 95' lang='lat' dir='ltr'> </span> 
     </span>
    </p>
   </div>
  </div>
 </body>
</html>
