2784 4959
198 384 343 435 cxxvru
495 354 987 435 -COMMENTATIO
1065 290 1076 316 ·

196 570 231 611 rs
251 568 347 631 quum
365 549 549 611 comicorum
569 547 762 632 potissimum
779 546 891 609 iudicio
912 546 1068 628 amplexus
1085 563 1157 607 esse
1178 554 1354 627 appareat,

197 651 295 715 videri
315 660 415 733 potest
430 652 626 733 Aristophani
645 670 765 731 quoquc
784 670 896 731 aequus
918 650 1010 710 iudex
1037 648 1184 709 extitisse
1191 668 1202 720 3
1228 647 1351 727 impri-

20 756 22 763 “
104 772 105 777 ’
196 752 254 847 mis
272 754 415 835 quoniam
439 755 535 814 veteri
552 754 731 835 disciplinae
751 754 815 814 siue
838 753 929 815 dubio
950 762 1013 812 tam
1032 751 1182 812 addictus
1201 748 1288 825 fuit,
1313 758 1352 807 ut

152 887 156 895 ·
197 874 267 915 oum
287 854 409 915 comicis
430 856 525 935 potitis
532 900 552 945 ,¹
569 858 729 937 praecipue
750 846 834 915 cum'
847 854 1048 937 Aristophane
1067 854 1178 914 eadem
1203 853 1264 911 via
1291 852 1349 909 in-

197 959 315 1019 cederet
338 956 391 1033 η).
425 958 484 1017 Sed
502 959 719 1019 vix‘credibile
739 968 801 1037 est,
824 958 976 1019 hominem
998 967 1059 1017 tum
1083 976 1220 1017 severae
1245 962 1348 1013 natu-

197 1082 248 1125 rae
259 1060 427 1140 indolisque
442 1062 553 1123 arduae
568 1072 598 1124 et
612 1061 746 1125 difficilis
757 1082 797 1121 ex
811 1060 972 1123 comoediis
990 1061 1088 1122 risum
1109 1068 1264 1139 captasse
1287 1054 1345 1131 ¹⁸).

197 1166 299 1240 Quare
320 1184 416 1244 neque
436 1166 589 1227 Socratem
611 1164 711 1243 magui
731 1164 852 1241 fecisse,
881 1185 977 1245 neque
996 1162 1058 1224 eius
1075 1163 1268 1239 irrisorem,
1297 1168 1344 1218 est

196 1266 368 1332 verisimile.
412 1269 586 1349 comoedis,
620 1279 757 1349 tempore
780 1268 1039 1329 turbulentissimo
1066 1266 1209 1329 maximo
1240 1264 1340 1337 culta,

68 1382 70 1396 '
123 1432 125 1440 ,
158 1388 162 1395 ·
196 1370 263 1452 ipsa
277 1370 421 1451 perniciei
436 1381 466 1431 et
481 1372 565 1433 testis
583 1382 612 1432 et
629 1392 731 1431 csusss
745 1370 842 1431 videri
857 1372 967 1453 potuit.

281 1507 450 1568 Posteriora
469 1517 581 1585 aetate,
603 1528 697 1587 quum
715 1508 846 1567 Graecae
863 1507 980 1567 litterae
1001 1506 1110 1567 sensim
1124 1508 1268 1569 nomam
1285 1504 1340 1563 de·

105 1614 110 1624 ’
196 1608 292 1685 latae,
324 1609 412 1668 inea
436 1610 510 1670 urbe
536 1610 690 1692 praeclare
713 1610 934 1686 effloruissent‚
965 1619 1125 1690 postquam
1147 1610 1194 1670 de
1218 1610 1336 1670 Catone

197 1728 297 1771 sermo
308 1713 380 1791 tuit,
395 1712 528 1793 primum
544 1712 696 1778 Ciceronis
719 1731 830 1772 nomen
844 1712 930 1773 nobis
952 1712 1104 1791 occurrit,
1129 1732 1228 1792 quem
1248 1708 1336 1769 hila-

167 1842 171 1857 ·
197 1812 297 1874 ritatis
312 1832 374 1873 esse
386 1823 417 1873 et
431 1816 606 1875 facetiarum
619 1816 801 1875 laudatorem
819 1824 938 1876 constat
952 1812 1006 1898 ¹⁴).
1028 1815 1058 1875 ls
1080 1814 1175 1893 igitur
1190 1834 1262 1874 non
1278 1832 1333 1871 so-

196 1914 261 1975 lum
280 1900 434 1994 universe,
452 1937 551 1997 quum
570 1917 683 1998 duplex
705 1937 768 1977 esse
790 1917 929 1977 statuerit
946 1917 1068 1979 iocandi
1087 1934 1197 1997 genus,
1230 1933 1331 1975 unum

195 2018 356 2092 illiberale,
370 2020 509 2100 petulans
517 2063 526 2097 ,
542 2020 743 2101 flagitiosum,
757 2020 954 2083 obscoenumr
976 2021 1105 2082 alterum
1118 2018 1254 2099 elegans,
1272 2036 1328 2077 ur-

194 2122 324 2195 bsnum,
347 2102 552 2201 ingeniosum,
576 2124 720 2202 secenum,
747 2122 918 2184 Atticorum
946 2124 1101 2207 antiquam
1123 2124 1327 2199 comoediam,

195 2244 258 2285 uns
280 2245 349 2284 cum
371 2225 478 2285 Plauto
504 2224 703 2307 pluribusque
729 2226 889 2286 Socraticis
918 2226 1126 2309 philosophis,
1153 2224 1325 2307 posteriore

189 2315 317 2388 iocundi
341 2346 448 2406 genero
468 2346 563 2417 ¹usam
593 2348 655 2388 esse
679 2328 774 2389 refert
801 2326 863 2415 1“);
913 2330 967 2389 sed
996 2330 1082 2391 etium
1106 2326 1325 2411 Aristophanis

195 2430 291 2512 ipsius
315 2431 405 2491 verba
431 2430 466 2489 in
495 2428 617 2491 Periclis
646 2450 749 2490 caussa
768 2432 965 2512 pronuntiate
982 2432 1147 2493 testimonii
1172 2431 1246 2528 loco
1273 2430 1323 2490 ai·

196 2528 336 2615 sert10),
367 2550 493 2613 eumque
515 2532 736 2608 ,facetissimum
762 2534 872 2597 veteris
903 2534 1073 2595 comoediae
1107 2540 1232 2616 poetam
1264 2554 1324 2613 ap-

195 2634 290 2719 pellet
309 2632 363 2715 ιτ).

281 2751 407 2813 Accedit
425 2754 576 2832 Lucilius,
599 2754 713 2817 Satires
738 2752 820 2833 opud
840 2754 992 2813 Romanos
1010 2754 1167 2831 inventor,
1189 2751 1244 2834 qui
1267 2752 1321 2815 diu
1375 2807 1376 2812 ,

197 2864 266 2916 ants
289 2854 461 2917 Ciceronem
484 2878 547 2917 non
572 2858 670 2917 solum
701 2856 813 2916 amavit
833 2856 1017 2917 Graecorum
1036 2865 1168 2917 veterem
1192 2878 1320 2918 comoe-

197 2958 295 3038 diam,
318 2958 370 3019 sed
391 2979 445 3019 suo
467 2965 641 3040 poematum
663 2978 770 3037 genere
788 2957 853 3018 eius
873 2958 1030 3041 imaginem
1052 2978 1222 3041 expressam
1243 2982 1316 3041 pro-

165 3080 310 3145 ¹ponere
335 3062 443 3123 voluit.
493 3044 610 3121 Etenim
634 3080 672 3121 ex
701 3081 760 3139 quo
780 3069 921 3141 'tempore
952 3062 1146 3125 &raubertus
1174 3064 1317 3124 immerna

197 3164 352 3227 doctrinae
375 3162 460 3245 copia
486 3164 653 3224 instructus
676 3162 791 3242 singula
811 3162 920 3223 hurum
943 3185 1044 3227 rer-um
1069 3165 1183 3227 indicio
1200 3168 1316 3247 collegit

154 3308 159 3319 ·
196 3266 352 3348 etiugenii
369 3266 504 3327 cuimine
519 3286 574 3325 suo
597 3266 791 3344 diiudicnvit,
813 3287 901 3327 nemo
927 3265 1093 3346 dubitavit,
1115 3272 1191 3350 quin
1212 3272 1246 3331 in
1263 3292 1316 3330 no-

143 3456 145 3459 ·
196 3364 296 3432 tendis
317 3369 566 3450 obiurgandisque
587 3368 759 3433 hominibus
780 3370 944 3452 plurimum
966 3370 1061 3431 studii
1080 3372 1229 3454 posuerit,
1250 3373 1313 3455 pri·

200 3550 408 3569 *nnn-s-

231 3674 270 3745 Ιἵ)
288 3674 391 3729 strom
413 3672 480 3728 iiber
503 3670 690 3743 Aristophanes
712 3672 794 3739 Alter,
809 3663 899 3747 pfll.

232 3778 269 3849 ¹⁸)
287 3772 378 3845 „corle
400 3774 430 3832 dl
455 3774 663 3840 σπουδάζοντας
686 3772 717 3831 ἐν
746 3781 806 3841 soie
834 3778 952 3847 γελοίοις
974 3774 1062 3850 ἔλεγεν
1084 3776 1115 3835 h
1142 3785 1202 3845 τοῖς
1225 3798 1308 3839 oroo-

283 3850 375 3909 dciore
391 3844 505 3903 icardus
521 3842 766 3917 seroysloiorooc.“
782 3849 853 3903 Plot.
871 3849 1058 3920 Apoplrtlregm.
1077 3870 1105 3922 p.
1124 3853 1182 3908 199.
1200 3856 1230 3906 A.

232 3951 271 4021 rs)
286 3949 348 4092 pes
351 3948 566 4090 l1²01untiqplzpnpnr.
591 3949 724 4006 Demosth.
747 3968 773 4005 e·
795 3949 925 4005 Cicerone
947 3969 972 4005 c.
996 3954 1021 4009 l.
1047 3953 1113 4007 Vov.
1132 3954 1165 4009 de
1181 3956 1232 4011 lud.
1249 3960 1305 4014 dict.

232 4120 578 4193 mmnmum

231 4208 269 4279 ¹⁰)
288 4210 345 4263 Cic.
369 4210 446 4263 Oret.
474 4226 497 4261 e.
522 4210 549 4264 9.

178 4326 181 4333 ¹
231 4291 272 4362 ¹²)
288 4296 344 4353 Cic.
362 4294 395 4351 de
413 4298 482 4368 legg.
505 4294 548 4363 Π,
572 4296 614 4353 15.
