2784 4959
210 397 363 454 ouum
543 370 993 448 commmatio

210 563 295 644 loqui
314 559 443 644 incipiat
463 563 597 641 δίκαιος,
618 561 746 624 charum
766 561 902 638 inducit,
922 581 1005 622 naue
1024 581 1149 624 auom
1168 561 1299 624 miuron

212 659 387 750 sapientiam
409 686 527 730 auanrno
548 667 580 728 in
601 667 740 747 periculo
758 665 876 726 versari
896 662 1116 745 tuentum:

461 791 520 851 aaa
540 781 597 871 peip
619 773 708 861 ἅπας’
721 779 833 850 nette
852 784 917 848 atv-

459 889 552 964 eic'aoc
572 883 689 953 ἆνιῖιαι
709 888 834 968 σοφίας,

459 983 499 1073 ἧς
519 975 588 1075 nipe
608 997 672 1067 τοῖς
693 991 776 1072 ἐμοῖς
799 989 901 1070 φίλοις

547 1093 627 1159 ἔστιν
648 1089 732 1178 tireio
753 1091 898 1179 μέγιστος.

211 1211 277 1274 Hoc
298 1211 390 1291 igitur
411 1212 486 1272 iliud
510 1223 555 1274 est
575 1215 756 1296 praecipue,
787 1213 869 1294 quod
898 1215 988 1293 poeta
1016 1205 1206 1290 reprehendit
1222 1216 1247 1268 et
1264 1227 1301 1268 er-

211 1314 315 1394 agitata
347 1317 457 1376 veteris
479 1315 627 1378 educandi
649 1317 773 1378 rationis
797 1314 986 1377 severitatem
1007 1315 1120 1395 lapsam
1144 1329 1219 1385 ease,
1243 1309 1302 1370 iure

212 1428 334 1497 ctasque
357 1419 544 1499 voluptates,
576 1419 761 1498 immigrasse
788 1418 957 1494 luxuriam,
987 1437 1063 1496 quae
1090 1415 1150 1473 iam
1177 1433 1234 1472 non
1257 1433 1303 1470 ru·

196 1499 291 1602 ‘plius
317 1519 454 1581 homines
485 1521 606 1582 adultos
632 1521 786 1602 polluant,
822 1519 977 1581 aeduum
1007 1519 1044 1578 ab
1073 1515 1198 1576 infautia
1220 1513 1304 1573 tuan

210 1621 358 1698 afficiant,
394 1630 488 1681 totam
519 1622 651 1684 civitatis
678 1625 805 1684 salutem
840 1624 999 1702 omniaque
1033 1620 1182 1682 bonorum
1215 1635 1305 1676 morum

210 1725 346 1803 exempla
369 1723 513 1784 radicitus
534 1725 664 1787 evellere
683 1723 846 1806 coeperint.

293 1823 372 1886 Hine
397 1825 489 1904 igitur
518 1827 753 1889 adolescentium
782 1827 856 1888 vitia
877 1824 1003 1908 repatit;
1035 1822 1108 1884 hinc
1135 1843 1172 1886 ea
1199 1820 1260 1883 oriri
1284 1830 1307 1880 et

208 1928 377 2007 immigrare
400 1927 433 1988 in
456 1929 560 1992 urbem
583 1931 761 2006 arbitratur-3
780 1927 855 1990 hinc
866 1929 891 1991 ai
914 1949 1005 2010 quam
1025 1928 1175 1987 malorum
1197 1922 1306 1985 mutatio

207 2049 275 2092 nem
296 2027 494 2093 Athenienses
517 2036 678 2116 cuperent,
701 2034 787 2094 initia
810 2033 953 2095 sumenda
975 2053 1038 2093 esse
1059 2039 1172 2093 censet.
1216 2025 1308 2103 Qnui

132 2133 143 2156 ”
206 2133 340 2208 iuvenis,
363 2133 524 2215 aitpoeta,
546 2137 586 2199 ad
607 2137 739 2219 priscam
760 2137 904 2202 virtutem
924 2136 1016 2212 redis,
1038 2143 1070 2197 et
1091 2152 1208 2194 aumrno
1227 2127 1306 2192 audio

206 2235 361 2298 contendis
368 2285 380 2317 ,
402 2247 436 2298 ut
457 2257 495 2300 ae
517 2239 590 2319 quial
613 2252 702 2322 turpe
723 2240 863 2301 admittas
873 2237 931 2320 θ’),

805 2357 901 2442 euits

333 2455 459 2543 αἰσχρόν
485 2465 602 2538 ποιεῖν,
638 2453 684 2524 ’ὅτι
712 2467 768 2544 τῆς
797 2465 914 2537 Αἰδοῦς
940 2459 1055 2542 μέλλεις
1088 2449 1221 2542 τᾶγαλμ’
1250 2446 1309 2514 titt·

826 2559 984 2627 πλᾶιτιιν·

204 2678 336 2742 civitatis
363 2679 445 2742 salua
475 2681 584 2744 iterum
613 2679 750 2754 florebit3
782 2676 1060 2766 Μαραθωνομάχαι
1088 2685 1259 2751 nascentum
1283 2689 1308 2729 ιο

203 2791 265 2842 tota
294 2780 478 2864 reipublicae
508 2782 636 2862 dignitas
664 2783 775 2844 iterum
804 2788 970 2848 exorietur.
1019 2783 1056 2846 td
1085 2791 1188 2844 autam
1211 2792 1307 2856 semper

204 2893 250 2974 eat
275 2883 453 2961 tenendum,
481 2883 572 2946 huius
593 2886 801 2967 corruptionis
820 2890 932 2952 veteris
958 2885 1137 2968 disciplinae
1158 2903 1219 2945 non
1237 2898 1308 2942 unam

203 2987 333 3066 aliquam
355 2986 415 3048 dici
437 3005 583 3048 caussam.
627 2987 678 3047 Uti
698 3009 748 3050 rea
770 3002 833 3070 eat,
862 2994 905 3055 ita
924 2997 1014 3073 potita
1040 2987 1136 3051 variis
1157 2986 1196 3050 ds
1216 2979 1307 3044 cantii!

203 3091 310 3152 aenaim
333 3111 397 3152 eaae
419 3100 519 3152 natam
543 3109 623 3164 eam,
644 3087 727 3152 haud
748 3093 840 3156 dubis
861 3095 998 3176 sumpait.

284 3191 516 3275 Aristophanem
548 3202 649 3254 autem
678 3194 914 3258 adolescentium
941 3196 1015 3267 vitia
1043 3192 1242 3257 exterminare
1264 3203 1307 3245 α·

201 3303 369 3378 optantem,
401 3308 559 3379 praeterea
580 3316 614 3357 ea
637 3298 736 3358 omnia
758 3301 910 3378 exagitare
932 3311 962 3362 et
983 3296 1180 3382 proscindere
1201 3297 1307 3374 eporte-

198 3397 270 3476 bat,
306 3418 384 3479 quae
414 3419 449 3460 ea
476 3399 593 3461 aiebant
623 3409 653 3462 et
680 3400 872 3466 adiuvabant
923 3403 969 3465 Ac
995 3422 1055 3484 pro
1082 3398 1200 3480 patriae
1226 3405 1305 3454 arnon

199 3519 256 3562 auo
278 3501 518 3582 optimatumque
539 3521 640 3564 rerum
662 3503 763 3566 alodio
785 3512 852 3566 tota
871 3504 983 3584 ingenii
1010 3502 1043 3563 ri
1065 3521 1136 3576 eos,
1164 3489 1303 3582 quaesibi

200 3601 356 3664 adversari
384 3612 437 3666 aut
465 3602 587 3663 videbat
616 3613 668 3666 aut
689 3605 846 3683 credebat,
875 3606 1054 3687 impugnare
1082 3613 1113 3664 et
1140 3603 1225 3684 ipaoa
1242 3618 1257 3658 ι
1272 3594 1304 3655 ti·

199 3702 292 3766 vitate
319 3705 430 3768 eiicere
460 3705 632 3786 cogebatur.
676 3707 743 3768 Alia
765 3711 845 3770 enim
872 3708 922 3768 ria
941 3707 1100 3784 incedens,
1130 3723 1249 3768 suarum
1265 3717 1305 3758 ω·

199 3805 381 3867 moediarmn
411 3809 473 3868 rim
506 3806 572 3887 ipae
600 3807 768 3872 delevisset
821 3810 891 3885 Quo
920 3810 1013 3889 igitur
1046 3811 1143 3870 maior
1171 3798 1305 3869 atarvii
1349 3862 1354 3871 .

198 3907 312 3984 virtus,
343 3929 379 3969 eo
402 3909 621 3971 vehementiora
644 3911 833 3973 advertarioa
854 3912 968 3993 impetu
986 3911 1219 3995 perstringebat.

212 4175 252 4246 ι’)
271 4175 349 4229 uua
367 4175 455 4230 naue.
473 4179 620 4237 ose-eas.

210 4261 436 4329 mmmm
