2784 4959
196 364 379 418 oomni
547 339 1010 434 constiturorum·

195 533 364 614 quievisse,
394 529 420 590 si
441 527 480 590 de
501 529 654 612 plerisque
675 531 806 596 Μαί·
822 543 906 596 reete
924 535 1137 613 mntnditur3
1156 535 1193 598 de
1210 537 1298 604 ln'rtu

196 635 297 721 phsse
318 633 440 716 quiden
461 654 500 696 ne
521 634 622 716 speeie
644 637 769 714 quidem
786 637 925 702 resitetis
947 639 1010 701 diri
1025 647 1139 720 potest.
1179 643 1298 704 Ermum

199 749 297 805 sutem
319 743 362 799 its
383 737 458 803 lieet
485 737 686 820 scriptorem,
716 750 753 800 ut
773 739 928 816 disemus,
955 761 1026 808 sum
1046 744 1211 812 universe·
1227 748 1299 826 mgis

197 841 338 922 entiquse
361 840 533 902 comoediae
555 841 688 904 indolem
716 855 882 925 spectasse,
915 863 1009 924 quem
1029 846 1213 926 singulorum
1228 871 1300 912 osse·

195 954 245 1008 tus
267 965 331 1006 esse
352 945 607 1024 contempletums
640 967 700 1028 qus
729 966 770 1008 ex
800 946 955 1010 indicendi
983 947 1102 1013 rstions
1129 951 1300 1034 plurimoris

196 1048 353 1112 historiens
377 1069 494 1112 errores
516 1050 675 1130 irrepsisse
696 1048 839 1112 srbitror.
884 1049 987 1124 Qnsre
1008 1050 1148 1130 equidem
1168 1064 1301 1138 proptrer

194 1151 345 1215 immerito
366 1149 449 1212 hunc
469 1150 607 1212 libellum
629 1150 828 1234 Xenophonti
850 1165 989 1234 ereptum
1016 1174 1035 1214 s
1060 1154 1233 1236 quibusdum
1249 1179 1301 1216 oen·

194 1277 257 1318 seo.
301 1253 545 1316 Achrrnensibus
572 1255 652 1318 enim
673 1255 779 1336 psnllo
800 1264 870 1317 ente
890 1257 1015 1337 Equites
1037 1254 1160 1334 (lentis,¹
1183 1279 1241 1320 sess
1256 1281 1301 1320 nor

196 1359 301 1421 urbem
324 1358 442 1433 ridere,
470 1357 526 1419 ssd
546 1359 640 1420 mulos
662 1357 746 1417 eires
766 1358 977 1420 tantummodo
997 1361 1301 1440 perstringentem

193 1463 364 1542 iterumque
392 1459 610 1541 Aristophanes
637 1459 858 1542 pronuntiarit.
915 1462 992 1522 Cum
1021 1463 1210 1540 sinemurum
1235 1465 1301 1544 fitur

194 1566 332 1628 irrisione
348 1563 444 1626 totius
456 1563 564 1648 populi
580 1561 846 1648 reprehensionem
861 1564 1006 1650 coniungi
1015 1565 1166 1652 potuisse,
1179 1575 1213 1626 nt
1224 1567 1301 1632 euul

196 1667 235 1728 tis
256 1666 322 1729 eliis
347 1665 456 1726 subulis
480 1665 678 1747 intelligitur,
701 1665 743 1727 its
768 1666 798 1726 in
815 1675 919 1727 uortrs
942 1665 1045 1732 lebnls
1070 1677 1214 1752 sppsret:
1236 1689 1302 1752 qusu

194 1771 309 1856 ipsunt,
342 1765 394 1848 qui
428 1769 614 1830 eontrarium
643 1767 824 1854 affirmavit,
852 1768 909 1829 Dio
939 1767 1175 1852 chrysostomus
1202 1771 1302 1854 exempl

194 1893 298 1934 ueusss
322 1867 547 1958 nominarint).
598 1873 712 1933 'l'emen
733 1871 985 1953 prudentissimus
1006 1883 1098 1962 poete
1127 1873 1160 1936 iu
1188 1871 1231 1940 liis
1249 1894 1303 1953 qne·

154 2037 158 2044 ,
194 1995 253 2057 qus
276 1973 443 2044 contionem
465 1973 619 2058 adhibuit,
641 1995 759 2058 neque,
783 1987 818 2035 ut
838 1976 939 2058 siunt,
960 1980 1063 2073 γυμνῇ
1081 1981 1206 2064 κεφαλῇ
1223 1977 1302 2039 civiu-

193 2077 232 2140 tie
256 2077 364 2138 melem
394 2077 595 2140 conditionem
623 2077 820 2157 vituperavit.
861 2077 922 2165 lpsi
945 2088 1081 2140 oratores
1102 2100 1206 2142 nonus
1223 2101 1303 2162 erepe-

193 2202 320 2243 numero
332 2178 525 2248 Athenienses
536 2177 1005 2265 reprehenderuntignsvieeque
1019 2190 1050 2243 et
1058 2183 1303 2245 temeritatissoou·

73 2344 77 2369 ¹
194 2284 323 2348 serimtl
347 2303 444 2372 neque
464 2295 562 2344 temen
584 2304 755 2368 quenquam
770 2293 931 2372 propiores
950 2294 1123 2350 secuntum
1138 2296 1170 2345 et
1190 2285 1302 2370 periculis

195 2389 338 2450 obrutum
358 2407 423 2448 esse
442 2387 621 2478 occepimus.
648 2385 758 2454 Nostro
782 2396 886 2452 eutem
903 2385 1025 2451 Coruino
1044 2385 1078 2446 id
1094 2399 1242 2450 evenerst.
1264 2387 1303 2447 lile

194 2493 273 2556 enisu
295 2493 359 2572 ipse
381 2490 470 2566 Cleo,
496 2509 556 2568 quo
579 2504 666 2552 nemo
689 2488 810 2576 dignior
831 2499 910 2563 eret,
939 2489 993 2572 qui
1015 2490 1190 2552 comoediss
1209 2491 1302 2552 liberta·

192 2605 223 2661 te
243 2593 418 2657 laederetur
437 2593 699 2672 lacerareturque,
731 2591 815 2680 quod
835 2592 994 2656 veritatem
1016 2592 1113 2653 libero
1133 2614 1187 2658 ore
1207 2593 1302 2664 neon

194 2717 266 2758 suss
288 2694 348 2756 sibi
367 2695 433 2777 ipse
457 2693 631 2756 temeritatis
652 2693 730 2755 bene
752 2693 902 2772 oouroius,
922 2693 1063 2775 timebat,
1086 2706 1123 2756 ut
1143 2705 1227 2757 sutes
1244 2691 1302 2754 ridi

193 2819 270 2876 nius,
293 2799 376 2859 litem
398 2797 569 2860 intenderet
589 2795 761 2859 Cellistrsto
783 2797 920 2878 initaque
940 2795 1000 2858 lseo
1022 2798 1137 2859 ratione
1159 2797 1302 2859 comoediis

192 2901 313 2983 ponder
335 2899 499 2961 diminuere
528 2909 560 2961 et
581 2899 688 2962 tollere
719 2908 883 2982 optaverat.
928 2899 1144 2982 Aristophanes
1171 2911 1260 2960 sutem
1276 2915 1302 2956 ex

98 3012 101 3020 ’
194 3025 229 3066 eo
251 3013 404 3086 tempore,
436 3023 498 3083 quo
522 3013 679 3066 socusstns
702 3002 817 3080 lueret,
849 3001 933 3082 quod
962 3002 1087 3063 nrbsnis
1109 3003 1251 3084 Dionysiis
1267 3019 1301 3058 ur·

192 3105 262 3168 bern
299 3103 536 3188 reprehenderet
570 3117 601 3168 et
629 3106 783 3167 meiestste
818 3105 883 3166 eiue
920 3105 998 3166 lseso
1038 3105 1123 3186 apud
1159 3105 1249 3164 socios
1279 3099 1300 3158 iu

195 3216 402 3289 contemptum
438 3208 617 3285 sdduosret‚
656 3207 778 3270 Lensels
817 3207 967 3289 dionysiis
1003 3227 1039 3268 eo
1081 3207 1193 3267 msiore
1227 3201 1300 3264 studio

83 3351 85 3363 ι
195 3320 312 3372 omnem
331 3311 505 3374 comoediae
520 3333 592 3375 snee
605 3311 667 3372 vim
683 3321 714 3371 et
730 3311 923 3374 soemitstem
940 3311 1089 3372 adunate
1113 3309 1231 3370 {sensus
1244 3305 1300 3365 erin

196 3415 352 3476 seditiosos
379 3423 408 3476 et
443 3415 597 3498 improbos
631 3413 711 3475 cives
742 3434 777 3474 eo
807 3416 949 3485 acerbius
977 3415 1091 3497 rsrpslt
1124 3421 1155 3472 et
1188 3406 1299 3472 versili?

192 3535 254 3577 non
285 3535 345 3596 quo
376 3514 497 3580 ridendi
525 3519 623 3578 solum
652 3526 787 3598 esptsret
810 3519 981 3596 materiem,
1014 3537 1070 3579 neo
1101 3533 1163 3596 qno
1184 3510 1298 3575 iniurium

191 3617 251 3678 sibl
278 3617 392 3679 illstsm
422 3621 618 3682 ulcisceretur
643 3619 876 3704 et'tlepellsret‚
908 3631 962 3683 sut
985 3621 1063 3682 irem
1084 3619 1117 3679 iu
1139 3624 1300 3678 accentores

195 3728 382 3802 conceptum,
402 3743 471 3783 oum
487 3745 545 3805 que
560 3734 642 3785 recte
663 3718 739 3783 niisli
758 3721 824 3784 lieri
844 3735 957 3805 potest,
979 3725 1011 3784 iu
1031 3739 1134 3784 omnes
1156 3720 1299 3784 evomerit

194 3821 247 3882 ssd
269 3833 317 3900 ut,
339 3824 390 3883 ubi
414 3827 537 3904 liceret,
567 3837 727 3907 corruptos
748 3825 885 3888 homines
906 3836 961 3890 ent
981 3825 1153 3887 emendaret
1173 3831 1224 3885 sot
1239 3819 1299 3878 lm*

196 3936 295 4006 geret,
326 3927 559 4010 melioribusque
581 3929 715 4006 civibus,
744 3928 830 4010 quod
849 3928 979 4007 imiteri,
1000 3928 1086 4011 qnod
1106 3927 1199 3989 vitm
1216 3931 1243 3983 et
1259 3916 1300 3978 ‘lt‘

199 4121 407 4140 *wo-m·-

214 4251 1060 4324 e)uncerymoneesp.ess.uueues.1.ss
