<?xml version="1.0" encoding="UTF-8"?>
<!DOCTYPE html PUBLIC "-//W3C//DTD XHTML 1.0 Transitional//EN"
    "http://www.w3.org/TR/xhtml1/DTD/xhtml1-transitional.dtd">
<html xmlns="http://www.w3.org/1999/xhtml" xml:lang="en" lang="en">
 <head>
  <title>
</title>
<meta http-equiv="Content-Type" content="text/html;charset=utf-8" />
  <meta name='ocr-system' content='tesseract 3.04.00' />
  <meta name='ocr-capabilities' content='ocr_page ocr_carea ocr_par ocr_line ocrx_word'/>
</head>
<body>
  <div class='ocr_page' id='page_1' title='image "aristophanisplu00thiegoog_0271.png"; bbox 0 0 2784 4959; ppageno 0'>
   <div class='ocr_carea' id='block_1_1' title="bbox 217 428 1183 514">
    <p class='ocr_par' dir='ltr' id='par_1_1' title="bbox 217 428 1183 514">
     <span class='ocr_line' id='line_1_1' title="bbox 217 428 1183 514; baseline 0.007 -7"><span class='ocrx_word' id='word_1_1' title='bbox 217 432 300 507; x_wconf 83' lang='lat' dir='ltr'>DE</span> <span class='ocrx_word' id='word_1_2' title='bbox 324 428 769 509; x_wconf 82' lang='lat' dir='ltr'>ARISTOPHANIS</span> <span class='ocrx_word' id='word_1_3' title='bbox 798 432 952 511; x_wconf 82' lang='lat' dir='ltr'>VITA.</span> <span class='ocrx_word' id='word_1_4' title='bbox 1040 460 1183 514; x_wconf 71' lang='lat' dir='ltr'>consen</span> 
     </span>
    </p>
   </div>
   <div class='ocr_carea' id='block_1_2' title="bbox 48 606 1310 705">
    <p class='ocr_par' dir='ltr' id='par_1_2' title="bbox 48 606 1310 705">
     <span class='ocr_line' id='line_1_2' title="bbox 48 606 1310 705; baseline 0.005 -22"><span class='ocrx_word' id='word_1_5' title='bbox 48 622 159 683; x_wconf 85' lang='lat' dir='ltr'>seimus</span> <span class='ocrx_word' id='word_1_6' title='bbox 188 621 276 689; x_wconf 74' lang='lat' dir='ltr'>nslsss</span> <span class='ocrx_word' id='word_1_7' title='bbox 301 624 413 703; x_wconf 69' lang='lat' dir='ltr'>egregii</span> <span class='ocrx_word' id='word_1_8' title='bbox 439 628 571 705; x_wconf 73' lang='lat' dir='ltr'>spobts</span> <span class='ocrx_word' id='word_1_9' title='bbox 591 606 725 705; x_wconf 77' lang='lat' dir='ltr'>proferri</span> <span class='ocrx_word' id='word_1_10' title='bbox 744 620 922 701; x_wconf 68' lang='lat' dir='ltr'>credidisse,</span> <span class='ocrx_word' id='word_1_11' title='bbox 952 624 1010 685; x_wconf 92' lang='lat' dir='ltr'>nisi</span> <span class='ocrx_word' id='word_1_12' title='bbox 1039 626 1110 686; x_wconf 81' lang='lat' dir='ltr'>vino</span> <span class='ocrx_word' id='word_1_13' title='bbox 1131 630 1186 689; x_wconf 88' lang='lat' dir='ltr'>in·-</span> <span class='ocrx_word' id='word_1_14' title='bbox 1305 646 1310 657; x_wconf 87' lang='lat'><strong>·</strong></span> 
     </span>
    </p>
   </div>
   <div class='ocr_carea' id='block_1_3' title="bbox 50 720 1225 1848">
    <p class='ocr_par' dir='ltr' id='par_1_3' title="bbox 50 720 1225 1848">
     <span class='ocr_line' id='line_1_3' title="bbox 50 720 1192 809; baseline 0.004 -24"><span class='ocrx_word' id='word_1_15' title='bbox 50 725 190 785; x_wconf 81' lang='lat' dir='ltr'>caluisset</span> <span class='ocrx_word' id='word_1_16' title='bbox 211 720 315 807; x_wconf 69' lang='grc' dir='ltr'>(ὕδωρ</span> <span class='ocrx_word' id='word_1_17' title='bbox 335 724 370 789; x_wconf 77' lang='lat' dir='ltr'>di</span> <span class='ocrx_word' id='word_1_18' title='bbox 388 726 492 790; x_wconf 79' lang='lat' dir='ltr'>ssim</span> <span class='ocrx_word' id='word_1_19' title='bbox 509 722 642 809; x_wconf 69' lang='lat' dir='ltr'>ppposds</span> <span class='ocrx_word' id='word_1_20' title='bbox 662 720 758 789; x_wconf 77' lang='lat' dir='ltr'>osidis</span> <span class='ocrx_word' id='word_1_21' title='bbox 779 721 818 789; x_wconf 79' lang='lat' dir='ltr'>du</span> <span class='ocrx_word' id='word_1_22' title='bbox 838 725 963 807; x_wconf 53' lang='lat' dir='ltr'>simum</span> <span class='ocrx_word' id='word_1_23' title='bbox 992 748 1054 792; x_wconf 90' lang='lat' dir='ltr'>non</span> <span class='ocrx_word' id='word_1_24' title='bbox 1074 720 1192 789; x_wconf 77' lang='lat' dir='ltr'>absus·</span> 
     </span>
     <span class='ocr_line' id='line_1_4' title="bbox 50 826 1187 911; baseline 0.004 -26"><span class='ocrx_word' id='word_1_25' title='bbox 50 826 86 884; x_wconf 89' lang='lat' dir='ltr'>da</span> <span class='ocrx_word' id='word_1_26' title='bbox 106 834 189 887; x_wconf 84' lang='lat' dir='ltr'>esset</span> <span class='ocrx_word' id='word_1_27' title='bbox 209 827 406 905; x_wconf 70' lang='lat' dir='ltr'>comessura,</span> <span class='ocrx_word' id='word_1_28' title='bbox 426 830 467 889; x_wconf 74' lang='lat' dir='ltr'>in,</span> <span class='ocrx_word' id='word_1_29' title='bbox 481 827 693 909; x_wconf 75' lang='lat' dir='ltr'>Aristophanis</span> <span class='ocrx_word' id='word_1_30' title='bbox 715 828 816 889; x_wconf 86' lang='lat' dir='ltr'>locum</span> <span class='ocrx_word' id='word_1_31' title='bbox 840 830 953 889; x_wconf 87' lang='lat' dir='ltr'>Cratini</span> <span class='ocrx_word' id='word_1_32' title='bbox 974 850 1084 891; x_wconf 89' lang='lat' dir='ltr'>nomen</span> <span class='ocrx_word' id='word_1_33' title='bbox 1103 831 1187 911; x_wconf 83' lang='lat' dir='ltr'>apud</span> 
     </span>
     <span class='ocr_line' id='line_1_5' title="bbox 52 926 1188 1013; baseline 0.004 -26"><span class='ocrx_word' id='word_1_34' title='bbox 52 926 239 989; x_wconf 69' lang='lat' dir='ltr'>athenaeum</span> <span class='ocrx_word' id='word_1_35' title='bbox 262 932 481 993; x_wconf 79' lang='lat' dir='ltr'>restituendum</span> <span class='ocrx_word' id='word_1_36' title='bbox 494 932 598 992; x_wconf 75' lang='lat' dir='ltr'>fuisse.</span> <span class='ocrx_word' id='word_1_37' title='bbox 628 931 687 990; x_wconf 81' lang='lat' dir='ltr'>Sed</span> <span class='ocrx_word' id='word_1_38' title='bbox 711 930 853 1006; x_wconf 86' lang='lat' dir='ltr'>sortasse,</span> <span class='ocrx_word' id='word_1_39' title='bbox 875 942 912 992; x_wconf 89' lang='lat' dir='ltr'>ut</span> <span class='ocrx_word' id='word_1_40' title='bbox 932 932 1014 1013; x_wconf 84' lang='lat' dir='ltr'>apud</span> <span class='ocrx_word' id='word_1_41' title='bbox 1037 933 1188 1010; x_wconf 68' lang='lat' dir='ltr'>thaeum,</span> 
     </span>
     <span class='ocr_line' id='line_1_6' title="bbox 51 1026 1225 1115; baseline 0.004 -26"><span class='ocrx_word' id='word_1_42' title='bbox 51 1032 90 1089; x_wconf 89' lang='lat' dir='ltr'>ita</span> <span class='ocrx_word' id='word_1_43' title='bbox 110 1030 193 1111; x_wconf 86' lang='lat' dir='ltr'>apud</span> <span class='ocrx_word' id='word_1_44' title='bbox 217 1032 453 1113; x_wconf 63' lang='lat' dir='ltr'>Aristophanem</span> <span class='ocrx_word' id='word_1_45' title='bbox 479 1034 513 1095; x_wconf 89' lang='lat' dir='ltr'>in</span> <span class='ocrx_word' id='word_1_46' title='bbox 534 1034 599 1096; x_wconf 92' lang='lat' dir='ltr'>aius</span> <span class='ocrx_word' id='word_1_47' title='bbox 620 1032 803 1092; x_wconf 75' lang='lat' dir='ltr'>carminibus</span> <span class='ocrx_word' id='word_1_48' title='bbox 830 1032 922 1093; x_wconf 90' lang='lat' dir='ltr'>buius</span> <span class='ocrx_word' id='word_1_49' title='bbox 944 1032 1095 1115; x_wconf 80' lang='lat' dir='ltr'>opinionis</span> <span class='ocrx_word' id='word_1_50' title='bbox 1117 1035 1189 1095; x_wconf 79' lang='lat' dir='ltr'>ton-</span> <span class='ocrx_word' id='word_1_51' title='bbox 1222 1026 1225 1037; x_wconf 67' lang='grc'><em>’</em></span> 
     </span>
     <span class='ocr_line' id='line_1_7' title="bbox 54 1134 1189 1219; baseline 0.006 -28"><span class='ocrx_word' id='word_1_52' title='bbox 54 1142 109 1191; x_wconf 91' lang='lat' dir='ltr'>tem</span> <span class='ocrx_word' id='word_1_53' title='bbox 128 1145 283 1212; x_wconf 74' lang='lat' dir='ltr'>quaerero</span> <span class='ocrx_word' id='word_1_54' title='bbox 305 1136 460 1201; x_wconf 77' lang='lat' dir='ltr'>debemus.</span> <span class='ocrx_word' id='word_1_55' title='bbox 504 1136 653 1219; x_wconf 84' lang='lat' dir='ltr'>Equidem</span> <span class='ocrx_word' id='word_1_56' title='bbox 673 1144 756 1195; x_wconf 85' lang='lat' dir='ltr'>carte</span> <span class='ocrx_word' id='word_1_57' title='bbox 776 1135 869 1195; x_wconf 86' lang='lat' dir='ltr'>talem</span> <span class='ocrx_word' id='word_1_58' title='bbox 889 1134 962 1195; x_wconf 90' lang='lat' dir='ltr'>mibi</span> <span class='ocrx_word' id='word_1_59' title='bbox 990 1138 1090 1197; x_wconf 84' lang='lat' dir='ltr'>locsnn</span> <span class='ocrx_word' id='word_1_60' title='bbox 1118 1158 1189 1218; x_wconf 85' lang='lat' dir='ltr'>rep·</span> 
     </span>
     <span class='ocr_line' id='line_1_8' title="bbox 55 1234 1190 1319; baseline 0.004 -26"><span class='ocrx_word' id='word_1_61' title='bbox 55 1236 164 1314; x_wconf 82' lang='lat' dir='ltr'>perisse</span> <span class='ocrx_word' id='word_1_62' title='bbox 192 1237 318 1301; x_wconf 83' lang='lat' dir='ltr'>videor.</span> <span class='ocrx_word' id='word_1_63' title='bbox 369 1240 448 1299; x_wconf 73' lang='lat' dir='ltr'>Nam</span> <span class='ocrx_word' id='word_1_64' title='bbox 471 1239 506 1299; x_wconf 87' lang='lat' dir='ltr'>in</span> <span class='ocrx_word' id='word_1_65' title='bbox 532 1238 693 1319; x_wconf 77' lang='lat' dir='ltr'>Equitibns</span> <span class='ocrx_word' id='word_1_66' title='bbox 715 1234 815 1297; x_wconf 80' lang='lat' dir='ltr'>subula</span> <span class='ocrx_word' id='word_1_67' title='bbox 838 1236 1053 1299; x_wconf 76' lang='lat' dir='ltr'>Demosthenes</span> <span class='ocrx_word' id='word_1_68' title='bbox 1082 1248 1114 1298; x_wconf 87' lang='lat' dir='ltr'>et</span> <span class='ocrx_word' id='word_1_69' title='bbox 1135 1238 1190 1297; x_wconf 82' lang='lat' dir='ltr'>ui·</span> 
     </span>
     <span class='ocr_line' id='line_1_9' title="bbox 57 1337 1188 1421; baseline 0.005 -28"><span class='ocrx_word' id='word_1_70' title='bbox 57 1337 113 1395; x_wconf 85' lang='lat' dir='ltr'>cias</span> <span class='ocrx_word' id='word_1_71' title='bbox 136 1339 221 1401; x_wconf 86' lang='lat' dir='ltr'>intes·</span> <span class='ocrx_word' id='word_1_72' title='bbox 248 1360 285 1401; x_wconf 85' lang='lat' dir='ltr'>se</span> <span class='ocrx_word' id='word_1_73' title='bbox 313 1342 539 1421; x_wconf 76' lang='lat' dir='ltr'>colloquuntur.</span> <span class='ocrx_word' id='word_1_74' title='bbox 581 1343 684 1417; x_wconf 87' lang='lat' dir='ltr'>Quum</span> <span class='ocrx_word' id='word_1_75' title='bbox 712 1340 812 1399; x_wconf 87' lang='lat' dir='ltr'>Nicias</span> <span class='ocrx_word' id='word_1_76' title='bbox 833 1342 1006 1417; x_wconf 77' lang='lat' dir='ltr'>sanguinem</span> <span class='ocrx_word' id='word_1_77' title='bbox 1033 1340 1188 1399; x_wconf 84' lang='lat' dir='ltr'>taurinum</span> 
     </span>
     <span class='ocr_line' id='line_1_10' title="bbox 57 1441 1189 1525; baseline 0.004 -28"><span class='ocrx_word' id='word_1_78' title='bbox 57 1442 248 1521; x_wconf 70' lang='lat' dir='ltr'>postulasset,</span> <span class='ocrx_word' id='word_1_79' title='bbox 288 1444 504 1507; x_wconf 70' lang='lat' dir='ltr'>Demosthenes</span> <span class='ocrx_word' id='word_1_80' title='bbox 530 1452 636 1505; x_wconf 84' lang='lat' dir='ltr'>contra</span> <span class='ocrx_word' id='word_1_81' title='bbox 664 1442 770 1503; x_wconf 80' lang='lat' dir='ltr'>vinnm</span> <span class='ocrx_word' id='word_1_82' title='bbox 797 1460 910 1523; x_wconf 83' lang='lat' dir='ltr'>purum</span> <span class='ocrx_word' id='word_1_83' title='bbox 936 1443 1053 1525; x_wconf 86' lang='lat' dir='ltr'>poscit,</span> <span class='ocrx_word' id='word_1_84' title='bbox 1083 1441 1189 1503; x_wconf 88' lang='lat' dir='ltr'>addito</span> 
     </span>
     <span class='ocr_line' id='line_1_11' title="bbox 60 1536 238 1605; baseline 0.056 -10"><span class='ocrx_word' id='word_1_85' title='bbox 60 1536 112 1599; x_wconf 88' lang='lat' dir='ltr'>hoc</span> <span class='ocrx_word' id='word_1_86' title='bbox 130 1562 238 1605; x_wconf 77' lang='lat' dir='ltr'>versu:</span> 
     </span>
     <span class='ocr_line' id='line_1_12' title="bbox 175 1641 875 1732; baseline 0.001 -23"><span class='ocrx_word' id='word_1_87' title='bbox 175 1646 255 1722; x_wconf 70' lang='grc' dir='ltr'>ἴσως</span> <span class='ocrx_word' id='word_1_88' title='bbox 276 1642 339 1730; x_wconf 69' lang='lat' dir='ltr'>peip</span> <span class='ocrx_word' id='word_1_89' title='bbox 357 1642 400 1711; x_wconf 80' lang='lat' dir='ltr'>dv</span> <span class='ocrx_word' id='word_1_90' title='bbox 419 1641 554 1732; x_wconf 73' lang='grc' dir='ltr'>χρηστόν</span> <span class='ocrx_word' id='word_1_91' title='bbox 569 1668 601 1711; x_wconf 77' lang='lat' dir='ltr'>cs</span> <span class='ocrx_word' id='word_1_92' title='bbox 621 1646 875 1729; x_wconf 68' lang='grc' dir='ltr'>βουλευσαίμεθα.</span> 
     </span>
     <span class='ocr_line' id='line_1_13' title="bbox 64 1758 1116 1848; baseline 0.005 -27"><span class='ocrx_word' id='word_1_93' title='bbox 64 1758 139 1833; x_wconf 82' lang='lat' dir='ltr'>Qnse</span> <span class='ocrx_word' id='word_1_94' title='bbox 157 1765 254 1825; x_wconf 77' lang='lat' dir='ltr'>verbs</span> <span class='ocrx_word' id='word_1_95' title='bbox 281 1768 446 1829; x_wconf 80' lang='lat' dir='ltr'>admiratus</span> <span class='ocrx_word' id='word_1_96' title='bbox 467 1767 568 1829; x_wconf 78' lang='lat' dir='ltr'>Nicias</span> <span class='ocrx_word' id='word_1_97' title='bbox 589 1786 684 1848; x_wconf 86' lang='lat' dir='ltr'>quum</span> <span class='ocrx_word' id='word_1_98' title='bbox 704 1766 765 1827; x_wconf 90' lang='lat' dir='ltr'>boc</span> <span class='ocrx_word' id='word_1_99' title='bbox 786 1766 877 1826; x_wconf 87' lang='lat' dir='ltr'>modo</span> <span class='ocrx_word' id='word_1_100' title='bbox 897 1764 1116 1847; x_wconf 83' lang='lat' dir='ltr'>respondisset:</span> 
     </span>
    </p>
   </div>
   <div class='ocr_carea' id='block_1_4' title="bbox 68 1879 1200 3826">
    <p class='ocr_par' dir='ltr' id='par_1_4' title="bbox 178 1879 952 1971">
     <span class='ocr_line' id='line_1_14' title="bbox 178 1879 952 1971; baseline 0.001 -24"><span class='ocrx_word' id='word_1_101' title='bbox 178 1879 262 1966; x_wconf 38' lang='grc' dir='ltr'><strong><em>ἰδού,</em></strong></span> <span class='ocrx_word' id='word_1_102' title='bbox 277 1880 314 1970; x_wconf 87' lang='lat' dir='ltr'>y&#39;</span> <span class='ocrx_word' id='word_1_103' title='bbox 333 1882 473 1968; x_wconf 73' lang='lat' dir='ltr'>despesos.</span> <span class='ocrx_word' id='word_1_104' title='bbox 495 1884 565 1968; x_wconf 69' lang='lat' dir='ltr'>saepi</span> <span class='ocrx_word' id='word_1_105' title='bbox 586 1891 684 1951; x_wconf 78' lang='grc' dir='ltr'><strong><em>ποτοῦ</em></strong></span> <span class='ocrx_word' id='word_1_106' title='bbox 704 1890 781 1971; x_wconf 75' lang='grc' dir='ltr'><strong><em>γοῦν</em></strong></span> <span class='ocrx_word' id='word_1_107' title='bbox 802 1884 864 1949; x_wconf 76' lang='lat' dir='ltr'>dori</span> <span class='ocrx_word' id='word_1_108' title='bbox 885 1903 952 1963; x_wconf 72' lang='grc' dir='ltr'>σονς</span> 
     </span>
    </p>

    <p class='ocr_par' dir='ltr' id='par_1_5' title="bbox 68 1979 1195 3109">
     <span class='ocr_line' id='line_1_15' title="bbox 137 1979 1011 2071; baseline 0.003 -23"><span class='ocrx_word' id='word_1_109' title='bbox 137 1988 203 2061; x_wconf 66' lang='grc' dir='ltr'>πῶς</span> <span class='ocrx_word' id='word_1_110' title='bbox 224 1982 263 2050; x_wconf 80' lang='lat' dir='ltr'>d&#39;</span> <span class='ocrx_word' id='word_1_111' title='bbox 287 1982 331 2051; x_wconf 72' lang='lat' dir='ltr'>tls</span> <span class='ocrx_word' id='word_1_112' title='bbox 352 1984 479 2070; x_wconf 74' lang='grc' dir='ltr'><strong><em>μεθύων</em></strong></span> <span class='ocrx_word' id='word_1_113' title='bbox 500 1979 630 2069; x_wconf 78' lang='grc' dir='ltr'><strong><em>χρηστόν</em></strong></span> <span class='ocrx_word' id='word_1_114' title='bbox 650 2010 679 2049; x_wconf 83' lang='lat' dir='ltr'>ss</span> <span class='ocrx_word' id='word_1_115' title='bbox 700 1982 895 2070; x_wconf 74' lang='grc' dir='ltr'><strong><em>βουλεύσαιτ’</em></strong></span> <span class='ocrx_word' id='word_1_116' title='bbox 915 1980 1011 2071; x_wconf 72' lang='lat' dir='ltr'>sivein,</span> 
     </span>
     <span class='ocr_line' id='line_1_16' title="bbox 68 2088 1190 2185; baseline 0.008 -30"><span class='ocrx_word' id='word_1_117' title='bbox 68 2114 195 2165; x_wconf 84' lang='lat' dir='ltr'>accurate</span> <span class='ocrx_word' id='word_1_118' title='bbox 225 2117 325 2167; x_wconf 87' lang='lat' dir='ltr'>totsm</span> <span class='ocrx_word' id='word_1_119' title='bbox 354 2127 438 2167; x_wconf 88' lang='lat' dir='ltr'>suam</span> <span class='ocrx_word' id='word_1_120' title='bbox 467 2107 505 2167; x_wconf 88' lang='lat' dir='ltr'>do</span> <span class='ocrx_word' id='word_1_121' title='bbox 533 2106 648 2167; x_wconf 84' lang='lat' dir='ltr'>viribus</span> <span class='ocrx_word' id='word_1_122' title='bbox 669 2106 732 2167; x_wconf 84' lang='lat' dir='ltr'>viui</span> <span class='ocrx_word' id='word_1_123' title='bbox 755 2106 933 2168; x_wconf 86' lang='lat' dir='ltr'>sententiam</span> <span class='ocrx_word' id='word_1_124' title='bbox 955 2088 1190 2185; x_wconf 66' lang='lat' dir='ltr'>diligenter&#39;sx-</span> 
     </span>
     <span class='ocr_line' id='line_1_17' title="bbox 70 2202 1191 2289; baseline 0.004 -30"><span class='ocrx_word' id='word_1_125' title='bbox 70 2202 160 2277; x_wconf 85' lang='lat' dir='ltr'>planat</span> <span class='ocrx_word' id='word_1_126' title='bbox 189 2212 300 2270; x_wconf 89' lang='lat' dir='ltr'>multia</span> <span class='ocrx_word' id='word_1_127' title='bbox 331 2210 470 2270; x_wconf 82' lang='lat' dir='ltr'>versibus</span> <span class='ocrx_word' id='word_1_128' title='bbox 503 2210 635 2289; x_wconf 85' lang='lat' dir='ltr'>vinoque</span> <span class='ocrx_word' id='word_1_129' title='bbox 667 2219 789 2289; x_wconf 89' lang='lat' dir='ltr'>sumpto</span> <span class='ocrx_word' id='word_1_130' title='bbox 822 2208 1037 2269; x_wconf 87' lang='lat' dir='ltr'>corroboratus</span> <span class='ocrx_word' id='word_1_131' title='bbox 1067 2215 1191 2287; x_wconf 86' lang='lat' dir='ltr'>captum</span> 
     </span>
     <span class='ocr_line' id='line_1_18' title="bbox 72 2306 1193 2395; baseline 0.005 -34"><span class='ocrx_word' id='word_1_132' title='bbox 72 2306 151 2365; x_wconf 84' lang='lat' dir='ltr'>semel</span> <span class='ocrx_word' id='word_1_133' title='bbox 170 2312 333 2371; x_wconf 86' lang='lat' dir='ltr'>consilium</span> <span class='ocrx_word' id='word_1_134' title='bbox 354 2308 611 2395; x_wconf 81' lang='lat' dir='ltr'>persequitur⁸⁴).</span> <span class='ocrx_word' id='word_1_135' title='bbox 663 2310 750 2385; x_wconf 85' lang='lat' dir='ltr'>Quas</span> <span class='ocrx_word' id='word_1_136' title='bbox 772 2330 865 2393; x_wconf 88' lang='lat' dir='ltr'>quum</span> <span class='ocrx_word' id='word_1_137' title='bbox 886 2330 942 2392; x_wconf 85' lang='lat' dir='ltr'>per</span> <span class='ocrx_word' id='word_1_138' title='bbox 971 2329 1002 2368; x_wconf 88' lang='lat' dir='ltr'>so</span> <span class='ocrx_word' id='word_1_139' title='bbox 1031 2306 1193 2389; x_wconf 85' lang='lat' dir='ltr'>perspicus</span> 
     </span>
     <span class='ocr_line' id='line_1_19' title="bbox 73 2403 1193 2483; baseline 0.004 -23"><span class='ocrx_word' id='word_1_140' title='bbox 73 2403 137 2483; x_wconf 85' lang='lat' dir='ltr'>sint,</span> <span class='ocrx_word' id='word_1_141' title='bbox 156 2414 204 2473; x_wconf 83' lang='lat' dir='ltr'>vel</span> <span class='ocrx_word' id='word_1_142' title='bbox 226 2414 362 2475; x_wconf 84' lang='lat' dir='ltr'>clariora</span> <span class='ocrx_word' id='word_1_143' title='bbox 382 2414 459 2475; x_wconf 85' lang='lat' dir='ltr'>fiunt</span> <span class='ocrx_word' id='word_1_144' title='bbox 481 2413 660 2473; x_wconf 88' lang='lat' dir='ltr'>scholiastae</span> <span class='ocrx_word' id='word_1_145' title='bbox 691 2414 848 2474; x_wconf 85' lang='lat' dir='ltr'>cuiusdam</span> <span class='ocrx_word' id='word_1_146' title='bbox 877 2407 1088 2483; x_wconf 76' lang='lat' dir='ltr'>annotatione,</span> <span class='ocrx_word' id='word_1_147' title='bbox 1116 2404 1193 2466; x_wconf 89' lang='lat' dir='ltr'>baec</span> 
     </span>
     <span class='ocr_line' id='line_1_20' title="bbox 75 2502 1195 2599; baseline 0.005 -33"><span class='ocrx_word' id='word_1_148' title='bbox 75 2502 202 2574; x_wconf 77' lang='lat' dir='ltr'>dicentis:</span> <span class='ocrx_word' id='word_1_149' title='bbox 240 2510 335 2599; x_wconf 81' lang='lat' dir='ltr'>„iipn</span> <span class='ocrx_word' id='word_1_150' title='bbox 367 2512 421 2581; x_wconf 74' lang='lat' dir='ltr'>siv</span> <span class='ocrx_word' id='word_1_151' title='bbox 449 2508 689 2599; x_wconf 72' lang='grc' dir='ltr'>Ἀριστοφάνην·</span> <span class='ocrx_word' id='word_1_152' title='bbox 728 2508 899 2597; x_wconf 68' lang='grc' dir='ltr'><strong><em>ἐρχόμενον</em></strong></span> <span class='ocrx_word' id='word_1_153' title='bbox 928 2507 986 2597; x_wconf 83' lang='lat' dir='ltr'>yoip</span> <span class='ocrx_word' id='word_1_154' title='bbox 1015 2504 1195 2595; x_wconf 71' lang='grc' dir='ltr'><strong><em>σκώμματος</em></strong></span> 
     </span>
     <span class='ocr_line' id='line_1_21' title="bbox 76 2606 1195 2707; baseline -0.009 -26"><span class='ocrx_word' id='word_1_155' title='bbox 76 2606 291 2707; x_wconf 52' lang='grc' dir='ltr'>μεθύσκεσθαι,</span> <span class='ocrx_word' id='word_1_156' title='bbox 321 2617 374 2681; x_wconf 76' lang='grc' dir='ltr'>ἵνα</span> <span class='ocrx_word' id='word_1_157' title='bbox 400 2614 445 2701; x_wconf 64' lang='grc' dir='ltr'>μή</span> <span class='ocrx_word' id='word_1_158' title='bbox 476 2614 587 2701; x_wconf 78' lang='grc' dir='ltr'><strong><em>νήφων</em></strong></span> <span class='ocrx_word' id='word_1_159' title='bbox 615 2610 750 2703; x_wconf 78' lang='lat' dir='ltr'>desiscicp</span> <span class='ocrx_word' id='word_1_160' title='bbox 776 2618 932 2703; x_wconf 75' lang='grc' dir='ltr'><strong><em>κωμῳδεῖν</em></strong></span> <span class='ocrx_word' id='word_1_161' title='bbox 962 2606 1109 2697; x_wconf 72' lang='grc' dir='ltr'><strong><em>μεγάλους</em></strong></span> <span class='ocrx_word' id='word_1_162' title='bbox 1139 2606 1195 2671; x_wconf 72' lang='lat' dir='ltr'>ts-</span> 
     </span>
     <span class='ocr_line' id='line_1_22' title="bbox 77 2708 1195 2801; baseline -0.007 -21"><span class='ocrx_word' id='word_1_163' title='bbox 77 2708 221 2792; x_wconf 52' lang='grc' dir='ltr'>δ(κνοω).</span> <span class='ocrx_word' id='word_1_164' title='bbox 275 2718 420 2780; x_wconf 82' lang='lat' dir='ltr'>Videmus</span> <span class='ocrx_word' id='word_1_165' title='bbox 442 2721 539 2798; x_wconf 86' lang='lat' dir='ltr'>enim,</span> <span class='ocrx_word' id='word_1_166' title='bbox 568 2741 628 2801; x_wconf 84' lang='lat' dir='ltr'>quo</span> <span class='ocrx_word' id='word_1_167' title='bbox 657 2718 749 2781; x_wconf 87' lang='lat' dir='ltr'>modo</span> <span class='ocrx_word' id='word_1_168' title='bbox 779 2740 856 2801; x_wconf 86' lang='lat' dir='ltr'>quae</span> <span class='ocrx_word' id='word_1_169' title='bbox 885 2716 1011 2797; x_wconf 78' lang='lat' dir='ltr'>singulis</span> <span class='ocrx_word' id='word_1_170' title='bbox 1039 2714 1071 2777; x_wconf 91' lang='lat' dir='ltr'>in</span> <span class='ocrx_word' id='word_1_171' title='bbox 1093 2712 1195 2773; x_wconf 82' lang='lat' dir='ltr'>subula</span> 
     </span>
     <span class='ocr_line' id='line_1_23' title="bbox 78 2816 1195 2904; baseline 0.002 -29"><span class='ocrx_word' id='word_1_172' title='bbox 78 2820 293 2881; x_wconf 77' lang='lat' dir='ltr'>occurrentibus</span> <span class='ocrx_word' id='word_1_173' title='bbox 321 2820 494 2884; x_wconf 86' lang='lat' dir='ltr'>hominibus</span> <span class='ocrx_word' id='word_1_174' title='bbox 523 2822 682 2903; x_wconf 86' lang='lat' dir='ltr'>dicuntur,</span> <span class='ocrx_word' id='word_1_175' title='bbox 720 2822 756 2883; x_wconf 87' lang='lat' dir='ltr'>ab</span> <span class='ocrx_word' id='word_1_176' title='bbox 789 2818 1008 2901; x_wconf 85' lang='lat' dir='ltr'>interpretibus</span> <span class='ocrx_word' id='word_1_177' title='bbox 1034 2816 1195 2904; x_wconf 86' lang='lat' dir='ltr'>adipsum</span> 
     </span>
     <span class='ocr_line' id='line_1_24' title="bbox 79 2918 1194 3006; baseline 0.008 -36"><span class='ocrx_word' id='word_1_178' title='bbox 79 2921 181 2989; x_wconf 83' lang='lat' dir='ltr'>po&#39;e&#39;tem</span> <span class='ocrx_word' id='word_1_179' title='bbox 205 2922 333 2983; x_wconf 71' lang='lat' dir='ltr'>naduci</span> <span class='ocrx_word' id='word_1_180' title='bbox 360 2924 466 2984; x_wconf 77' lang='lat' dir='ltr'>soient</span> <span class='ocrx_word' id='word_1_181' title='bbox 519 2924 559 2986; x_wconf 87' lang='lat' dir='ltr'>Ut</span> <span class='ocrx_word' id='word_1_182' title='bbox 586 2935 684 2985; x_wconf 89' lang='lat' dir='ltr'>tamen</span> <span class='ocrx_word' id='word_1_183' title='bbox 713 2931 866 3006; x_wconf 88' lang='lat' dir='ltr'>praeterea</span> <span class='ocrx_word' id='word_1_184' title='bbox 903 2920 994 2982; x_wconf 88' lang='lat' dir='ltr'>elium</span> <span class='ocrx_word' id='word_1_185' title='bbox 1022 2918 1194 2983; x_wconf 73' lang='lat' dir='ltr'>Athenaeus</span> 
     </span>
     <span class='ocr_line' id='line_1_25' title="bbox 82 3012 1006 3109; baseline 0.013 -38"><span class='ocrx_word' id='word_1_186' title='bbox 82 3012 177 3081; x_wconf 84' lang='lat' dir='ltr'>iontem</span> <span class='ocrx_word' id='word_1_187' title='bbox 198 3038 323 3087; x_wconf 86' lang='lat' dir='ltr'>secutus</span> <span class='ocrx_word' id='word_1_188' title='bbox 345 3023 450 3109; x_wconf 52' lang='grc' dir='ltr'>εἰμ’),</span> <span class='ocrx_word' id='word_1_189' title='bbox 473 3028 597 3089; x_wconf 85' lang='lat' dir='ltr'>credere</span> <span class='ocrx_word' id='word_1_190' title='bbox 619 3029 645 3087; x_wconf 88' lang='lat' dir='ltr'>ei</span> <span class='ocrx_word' id='word_1_191' title='bbox 667 3028 750 3088; x_wconf 80' lang='lat' dir='ltr'>nelos</span> <span class='ocrx_word' id='word_1_192' title='bbox 772 3044 836 3087; x_wconf 90' lang='lat' dir='ltr'>esse</span> <span class='ocrx_word' id='word_1_193' title='bbox 857 3034 1006 3106; x_wconf 85' lang='lat' dir='ltr'>putamus.</span> 
     </span>
    </p>

    <p class='ocr_par' dir='ltr' id='par_1_6' title="bbox 84 3118 1200 3826">
     <span class='ocr_line' id='line_1_26' title="bbox 152 3118 1195 3211; baseline -0.002 -28"><span class='ocrx_word' id='word_1_194' title='bbox 152 3124 193 3185; x_wconf 78' lang='lat' dir='ltr'>dc</span> <span class='ocrx_word' id='word_1_195' title='bbox 219 3131 355 3211; x_wconf 88' lang='lat' dir='ltr'>primum</span> <span class='ocrx_word' id='word_1_196' title='bbox 383 3128 506 3209; x_wconf 88' lang='lat' dir='ltr'>quidem</span> <span class='ocrx_word' id='word_1_197' title='bbox 532 3150 620 3189; x_wconf 88' lang='lat' dir='ltr'>nemo</span> <span class='ocrx_word' id='word_1_198' title='bbox 649 3128 843 3202; x_wconf 73' lang='lat' dir='ltr'>initiabitur,</span> <span class='ocrx_word' id='word_1_199' title='bbox 880 3120 1112 3205; x_wconf 76' lang='lat' dir='ltr'>Aristophanem</span> <span class='ocrx_word' id='word_1_200' title='bbox 1138 3118 1195 3181; x_wconf 79' lang='lat' dir='ltr'>vix</span> 
     </span>
     <span class='ocr_line' id='line_1_27' title="bbox 84 3222 1195 3311; baseline -0.005 -23"><span class='ocrx_word' id='word_1_201' title='bbox 84 3225 132 3282; x_wconf 64' lang='lat' dir='ltr'>itm</span> <span class='ocrx_word' id='word_1_202' title='bbox 150 3246 234 3311; x_wconf 87' lang='lat' dir='ltr'>saepe</span> <span class='ocrx_word' id='word_1_203' title='bbox 257 3252 294 3293; x_wconf 84' lang='lat' dir='ltr'>es</span> <span class='ocrx_word' id='word_1_204' title='bbox 321 3232 353 3291; x_wconf 90' lang='lat' dir='ltr'>in</span> <span class='ocrx_word' id='word_1_205' title='bbox 376 3231 530 3293; x_wconf 77' lang='lat' dir='ltr'>Cratinum</span> <span class='ocrx_word' id='word_1_206' title='bbox 560 3232 710 3293; x_wconf 86' lang='lat' dir='ltr'>coniicere</span> <span class='ocrx_word' id='word_1_207' title='bbox 735 3228 871 3291; x_wconf 86' lang='lat' dir='ltr'>convicia</span> <span class='ocrx_word' id='word_1_208' title='bbox 899 3226 1052 3309; x_wconf 86' lang='lat' dir='ltr'>potuisse,</span> <span class='ocrx_word' id='word_1_209' title='bbox 1082 3222 1109 3283; x_wconf 85' lang='lat' dir='ltr'>si</span> <span class='ocrx_word' id='word_1_210' title='bbox 1129 3223 1195 3303; x_wconf 87' lang='lat' dir='ltr'>ipss</span> 
     </span>
     <span class='ocr_line' id='line_1_28' title="bbox 86 3323 1195 3396; baseline -0.001 -12"><span class='ocrx_word' id='word_1_211' title='bbox 86 3323 199 3389; x_wconf 77' lang='lat' dir='ltr'>ciusdem</span> <span class='ocrx_word' id='word_1_212' title='bbox 226 3355 300 3394; x_wconf 89' lang='lat' dir='ltr'>rens</span> <span class='ocrx_word' id='word_1_213' title='bbox 329 3336 464 3396; x_wconf 89' lang='lat' dir='ltr'>criminis</span> <span class='ocrx_word' id='word_1_214' title='bbox 494 3336 610 3395; x_wconf 87' lang='lat' dir='ltr'>suisset.</span> <span class='ocrx_word' id='word_1_215' title='bbox 653 3330 769 3393; x_wconf 87' lang='lat' dir='ltr'>Deinde</span> <span class='ocrx_word' id='word_1_216' title='bbox 800 3339 862 3389; x_wconf 85' lang='lat' dir='ltr'>tota</span> <span class='ocrx_word' id='word_1_217' title='bbox 884 3327 948 3388; x_wconf 85' lang='lat' dir='ltr'>eiua</span> <span class='ocrx_word' id='word_1_218' title='bbox 971 3324 1195 3387; x_wconf 85' lang='lat' dir='ltr'>comoediarum</span> 
     </span>
     <span class='ocr_line' id='line_1_29' title="bbox 86 3420 1197 3516; baseline 0.009 -39"><span class='ocrx_word' id='word_1_219' title='bbox 86 3420 183 3491; x_wconf 87' lang='lat' dir='ltr'>indoles</span> <span class='ocrx_word' id='word_1_220' title='bbox 204 3436 314 3512; x_wconf 85' lang='lat' dir='ltr'>docet,</span> <span class='ocrx_word' id='word_1_221' title='bbox 335 3437 366 3496; x_wconf 91' lang='lat' dir='ltr'>in</span> <span class='ocrx_word' id='word_1_222' title='bbox 389 3434 499 3516; x_wconf 81' lang='lat' dir='ltr'>quibus</span> <span class='ocrx_word' id='word_1_223' title='bbox 521 3436 598 3497; x_wconf 87' lang='lat' dir='ltr'>nihil</span> <span class='ocrx_word' id='word_1_224' title='bbox 619 3446 681 3511; x_wconf 89' lang='lat' dir='ltr'>est,</span> <span class='ocrx_word' id='word_1_225' title='bbox 712 3430 795 3515; x_wconf 88' lang='lat' dir='ltr'>quod</span> <span class='ocrx_word' id='word_1_226' title='bbox 816 3440 970 3491; x_wconf 86' lang='lat' dir='ltr'>auctorem</span> <span class='ocrx_word' id='word_1_227' title='bbox 992 3430 1065 3489; x_wconf 83' lang='lat' dir='ltr'>vino</span> <span class='ocrx_word' id='word_1_228' title='bbox 1087 3423 1197 3507; x_wconf 86' lang='lat' dir='ltr'>sepul·</span> 
     </span>
     <span class='ocr_line' id='line_1_30' title="bbox 88 3526 1198 3617; baseline -0.005 -24"><span class='ocrx_word' id='word_1_229' title='bbox 88 3530 302 3617; x_wconf 65' lang='lat' dir='ltr'>tumescendo,</span> <span class='ocrx_word' id='word_1_230' title='bbox 323 3537 459 3598; x_wconf 87' lang='lat' dir='ltr'>sobrium</span> <span class='ocrx_word' id='word_1_231' title='bbox 479 3536 633 3599; x_wconf 88' lang='lat' dir='ltr'>bominem</span> <span class='ocrx_word' id='word_1_232' title='bbox 652 3558 686 3598; x_wconf 87' lang='lat' dir='ltr'>ea</span> <span class='ocrx_word' id='word_1_233' title='bbox 709 3536 877 3597; x_wconf 85' lang='lat' dir='ltr'>elaborasse</span> <span class='ocrx_word' id='word_1_234' title='bbox 898 3532 1097 3610; x_wconf 88' lang='lat' dir='ltr'>laboremque</span> <span class='ocrx_word' id='word_1_235' title='bbox 1114 3526 1198 3588; x_wconf 85' lang='lat' dir='ltr'>baud</span> 
     </span>
     <span class='ocr_line' id='line_1_31' title="bbox 90 3628 1198 3721; baseline -0.004 -25"><span class='ocrx_word' id='word_1_236' title='bbox 90 3642 196 3702; x_wconf 81' lang='lat' dir='ltr'>purum</span> <span class='ocrx_word' id='word_1_237' title='bbox 225 3640 264 3701; x_wconf 89' lang='lat' dir='ltr'>iis</span> <span class='ocrx_word' id='word_1_238' title='bbox 292 3640 487 3721; x_wconf 81' lang='lat' dir='ltr'>impendisse.</span> <span class='ocrx_word' id='word_1_239' title='bbox 528 3642 598 3703; x_wconf 84' lang='lat' dir='ltr'>Non</span> <span class='ocrx_word' id='word_1_240' title='bbox 625 3649 671 3703; x_wconf 86' lang='lat' dir='ltr'>ast</span> <span class='ocrx_word' id='word_1_241' title='bbox 690 3640 785 3719; x_wconf 79' lang='lat' dir='ltr'>igitur</span> <span class='ocrx_word' id='word_1_242' title='bbox 805 3634 1025 3707; x_wconf 83' lang='lat' dir='ltr'>necessarium,</span> <span class='ocrx_word' id='word_1_243' title='bbox 1054 3650 1122 3691; x_wconf 90' lang='lat' dir='ltr'>eum</span> <span class='ocrx_word' id='word_1_244' title='bbox 1145 3628 1198 3709; x_wconf 83' lang='lat' dir='ltr'>qui</span> 
     </span>
     <span class='ocr_line' id='line_1_32' title="bbox 90 3725 1200 3826; baseline -0.006 -18"><span class='ocrx_word' id='word_1_245' title='bbox 90 3725 150 3807; x_wconf 73' lang='lat' dir='ltr'>¹⁸Dt</span> <span class='ocrx_word' id='word_1_246' title='bbox 174 3739 236 3801; x_wconf 88' lang='lat' dir='ltr'>eius</span> <span class='ocrx_word' id='word_1_247' title='bbox 261 3746 415 3819; x_wconf 72' lang='lat' dir='ltr'>cumina,</span> <span class='ocrx_word' id='word_1_248' title='bbox 442 3743 485 3805; x_wconf 89' lang='lat' dir='ltr'>sd</span> <span class='ocrx_word' id='word_1_249' title='bbox 512 3748 620 3826; x_wconf 66' lang='lat' dir='ltr'>poetas</span> <span class='ocrx_word' id='word_1_250' title='bbox 648 3741 759 3819; x_wconf 79' lang='lat' dir='ltr'>uerba,</span> <span class='ocrx_word' id='word_1_251' title='bbox 795 3738 848 3821; x_wconf 86' lang='lat' dir='ltr'>qui</span> <span class='ocrx_word' id='word_1_252' title='bbox 877 3734 976 3803; x_wconf 80' lang='grc' dir='ltr'><strong><em>πόνον</em></strong></span> <span class='ocrx_word' id='word_1_253' title='bbox 1006 3732 1064 3795; x_wconf 76' lang='lat' dir='ltr'>tibi</span> <span class='ocrx_word' id='word_1_254' title='bbox 1092 3731 1200 3795; x_wconf 65' lang='lat' dir='ltr'>lecim</span> 
     </span>
    </p>
   </div>
   <div class='ocr_carea' id='block_1_5' title="bbox 93 3886 280 3917">
    <p class='ocr_par' dir='ltr' id='par_1_7' title="bbox 93 3886 280 3917">
     <span class='ocr_line' id='line_1_33' title="bbox 93 3886 280 3917; baseline 0 0"><span class='ocrx_word' id='word_1_255' title='bbox 93 3886 280 3917; x_wconf 29' lang='lat' dir='ltr'>Q·—</span> 
     </span>
    </p>
   </div>
   <div class='ocr_carea' id='block_1_6' title="bbox 105 3980 543 4069">
    <p class='ocr_par' dir='ltr' id='par_1_8' title="bbox 105 3980 543 4069">
     <span class='ocr_line' id='line_1_34' title="bbox 105 3980 543 4069; baseline 0.012 -19"><span class='ocrx_word' id='word_1_256' title='bbox 105 3980 140 4050; x_wconf 71' lang='lat' dir='ltr'>“i</span> <span class='ocrx_word' id='word_1_257' title='bbox 154 3988 396 4069; x_wconf 63' lang='lat' dir='ltr'>insimulemus.</span> <span class='ocrx_word' id='word_1_258' title='bbox 414 3997 481 4053; x_wconf 83' lang='grc'>85-</span> <span class='ocrx_word' id='word_1_259' title='bbox 483 3999 543 4055; x_wconf 73' lang='lat' dir='ltr'>1oe</span> 
     </span>
    </p>
   </div>
   <div class='ocr_carea' id='block_1_7' title="bbox 108 4066 1202 4208">
    <p class='ocr_par' dir='ltr' id='par_1_9' title="bbox 108 4066 1202 4208">
     <span class='ocr_line' id='line_1_35' title="bbox 108 4066 1202 4153; baseline -0.012 -14.746"><span class='ocrx_word' id='word_1_260' title='bbox 108 4066 180 4137; x_wconf 76' lang='lat' dir='ltr'>”ils</span> <span class='ocrx_word' id='word_1_261' title='bbox 195 4077 227 4132; x_wconf 85' lang='lat' dir='ltr'>‹ls</span> <span class='ocrx_word' id='word_1_262' title='bbox 243 4082 339 4136; x_wconf 78' lang='lat' dir='ltr'>Solone</span> <span class='ocrx_word' id='word_1_263' title='bbox 356 4083 470 4137; x_wconf 77' lang='lat' dir='ltr'>lortmse</span> <span class='ocrx_word' id='word_1_264' title='bbox 486 4082 623 4152; x_wconf 72' lang='lat' dir='ltr'>cogitent,</span> <span class='ocrx_word' id='word_1_265' title='bbox 640 4084 750 4153; x_wconf 83' lang='lat' dir='ltr'>propter</span> <span class='ocrx_word' id='word_1_266' title='bbox 760 4076 868 4133; x_wconf 83' lang='lat' dir='ltr'>insulam</span> <span class='ocrx_word' id='word_1_267' title='bbox 881 4074 1014 4131; x_wconf 72' lang='lat' dir='ltr'>salanias</span> <span class='ocrx_word' id='word_1_268' title='bbox 1029 4070 1157 4127; x_wconf 62' lang='lat' dir='ltr'>mun</span> <span class='ocrx_word' id='word_1_269' title='bbox 1174 4076 1202 4125; x_wconf 81' lang='lat' dir='ltr'>et</span> 
     </span>
     <span class='ocr_line' id='line_1_36' title="bbox 151 4148 432 4208; baseline 0 -2"><span class='ocrx_word' id='word_1_270' title='bbox 151 4148 248 4208; x_wconf 60' lang='lat' dir='ltr'>miss</span> <span class='ocrx_word' id='word_1_271' title='bbox 263 4150 432 4208; x_wconf 72' lang='lat' dir='ltr'>s&#39;nnlmsn</span> 
     </span>
    </p>
   </div>
   <div class='ocr_carea' id='block_1_8' title="bbox 109 4219 1202 4377">
    <p class='ocr_par' dir='ltr' id='par_1_10' title="bbox 109 4219 1202 4377">
     <span class='ocr_line' id='line_1_37' title="bbox 109 4219 1202 4323; baseline -0.015 -29"><span class='ocrx_word' id='word_1_272' title='bbox 109 4221 144 4293; x_wconf 72' lang='grc' dir='ltr'>ι“)</span> <span class='ocrx_word' id='word_1_273' title='bbox 156 4228 250 4291; x_wconf 77' lang='lat' dir='ltr'>Similis</span> <span class='ocrx_word' id='word_1_274' title='bbox 265 4239 331 4291; x_wconf 87' lang='lat' dir='ltr'>enim</span> <span class='ocrx_word' id='word_1_275' title='bbox 354 4236 416 4289; x_wconf 87' lang='lat' dir='ltr'>aliis</span> <span class='ocrx_word' id='word_1_276' title='bbox 435 4253 540 4323; x_wconf 88' lang='lat' dir='ltr'>qnoque</span> <span class='ocrx_word' id='word_1_277' title='bbox 556 4236 672 4291; x_wconf 74' lang='lat' dir='ltr'>audinus</span> <span class='ocrx_word' id='word_1_278' title='bbox 689 4235 717 4289; x_wconf 84' lang='lat' dir='ltr'>in</span> <span class='ocrx_word' id='word_1_279' title='bbox 733 4232 813 4301; x_wconf 90' lang='lat' dir='ltr'>locis,</span> <span class='ocrx_word' id='word_1_280' title='bbox 838 4238 868 4287; x_wconf 87' lang='lat' dir='ltr'>ut</span> <span class='ocrx_word' id='word_1_281' title='bbox 891 4230 987 4303; x_wconf 82' lang='lat' dir='ltr'>Vespls</span> <span class='ocrx_word' id='word_1_282' title='bbox 1004 4229 1040 4283; x_wconf 85' lang='grc'>80</span> <span class='ocrx_word' id='word_1_283' title='bbox 1063 4219 1155 4293; x_wconf 64' lang='lat' dir='ltr'>„nisu</span> <span class='ocrx_word' id='word_1_284' title='bbox 1170 4238 1202 4293; x_wconf 74' lang='lat' dir='ltr'>ys</span> 
     </span>
     <span class='ocr_line' id='line_1_38' title="bbox 152 4300 656 4377; baseline 0.006 -18"><span class='ocrx_word' id='word_1_285' title='bbox 152 4300 526 4375; x_wconf 60' lang='lat' dir='ltr'>nannetensium</span> <span class='ocrx_word' id='word_1_286' title='bbox 508 4326 527 4377; x_wconf 81' lang='grc' dir='ltr'><strong><em>η</em></strong></span> <span class='ocrx_word' id='word_1_287' title='bbox 543 4304 656 4370; x_wconf 67' lang='lat' dir='ltr'>sicon‘⁴</span> 
     </span>
    </p>
   </div>
   <div class='ocr_carea' id='block_1_9' title="bbox 0 0 1444 4959">
    <p class='ocr_par' dir='ltr' id='par_1_11' title="bbox 0 0 1444 4959">
     <span class='ocr_line' id='line_1_39' title="bbox 0 0 1444 4959; baseline 0 0"><span class='ocrx_word' id='word_1_288' title='bbox 0 0 1444 4959; x_wconf 95' lang='lat' dir='ltr'> </span> 
     </span>
    </p>
   </div>
  </div>
 </body>
</html>
