2784 4959
223 401 299 475 DE
324 399 776 479 Anlsroeflattls
802 401 982 492 VITA„
1072 429 1160 486 curs

54 612 149 656 nanus
172 611 288 656 noeease
317 591 371 664 stt,
399 589 499 656 deest.
541 589 748 670 Quocunque
775 601 874 656 aunan
897 591 937 655 de
963 591 1011 655 Isis
1031 591 1160 657 diceudo

53 703 138 772 eust,
168 693 267 760 omnis
291 713 348 760 nse
376 692 528 788 respicere
555 703 669 772 coguut
703 691 743 756 ad
768 691 828 760 tos
854 693 1062 776 Aristophanis
1085 714 1157 759 rer-

53 818 92 858 sus
102 791 139 880 ¹),

362 917 465 978 ΑΛΛ.
487 911 539 976 sni
559 915 604 989 τίς
625 908 780 995 ξύμμαχος

148 1031 153 1040 ·
192 1009 353 1098 ymimoi
372 1039 443 1097 ραις
464 1016 517 1082 ssi
535 1013 600 1099 γὰρ’
619 1017 652 1080 οἵ
670 1037 703 1078 oe
723 1009 867 1079 otoe'esos

194 1119 333 1181 moso
351 1112 447 1184 edeta
467 1117 486 1185 ‘i
504 1143 536 1184 ss
547 1119 549 1124 ’
560 1119 654 1200 ιιόνης
676 1113 798 1200 βδύλλει
818 1112 902 1191 λαός.

87 1257 178 1316 ΔΗΜ.
201 1249 270 1317 ἄλλ’
293 1253 371 1316 εἰσὶν
394 1250 489 1338 inuria
511 1253 619 1338 ἄνδρες
642 1248 756 1334 ιῖγαθοῑ
777 1252 867 1332 χίλιοι

193 1349 482 1440 μισοῦντεςάιῖτδν,
505 1361 536 1422 οἳ
556 1349 750 1440 βοηθήσουσί
777 1373 841 1430 σοι,

193 1459 243 1523 καὶ
265 1463 329 1522 ruisi
350 1463 481 1524 πολιτῶν
506 1461 537 1523 oi
555 1459 643 1522 καλοί
663 1481 694 1521 τε
716 1451 864 1538 seipsam,

193 1545 245 1607 sui
265 1549 332 1608 τοῖν
351 1551 472 1609 θεατῶν
493 1541 572 1620 ὅστις
594 1544 655 1609 ieri
677 1539 791 1618 δεξιὸς,

192 1642 277 1731 sss’yoi
299 1643 368 1728 per*
382 1643 493 1711 adreio
512 1641 555 1728 χῶ
575 1643 647 1721 θεὸς
669 1640 866 1726 ξυλλήψεται,
938 1647 941 1656 '

62 1775 145 1852 quius
163 1792 304 1864 tanquam
326 1784 418 1846 totius
440 1783 651 1866 disputationis
669 1783 864 1844 fundamento
885 1789 1017 1841 utemur.
1048 1781 1159 1843 Omnes

61 1873 96 1934 his
113 1883 201 1944 verbis
224 1886 420 1948 enuntiantur
449 1895 479 1946 et
501 1873 815 1967 comprehenduntur,
848 1882 901 1961 qui
924 1881 1028 1940 Cleoni
1050 1881 1160 1942 adver·

63 1979 177 2043 utantur
196 1987 321 2068 eiusque
343 1988 475 2048 celerare
495 1987 650 2050 interitum
672 1985 842 2066 cupiebant.
885 1982 949 2044 Iam
971 2002 1065 2062 quum
1078 1984 1162 2045 rhu.

65 2080 246 2158 quaecum
267 2085 468 2173 Aristophane
491 2089 667 2163 conveniat,
688 2088 731 2146 ita
752 2097 788 2150 ut
811 2094 938 2164 uterque
961 2085 1081 2146 Cleonis
1100 2087 1161 2147 ho-

64 2193 107 2241 des
122 2183 186 2264 τούς
206 2183 370 2274 σώφρονας
390 2190 564 2252 vocaverit:
593 2187 651 2250 hos
672 2208 777 2248 omnes
797 2185 857 2248 hoc
877 2187 908 2245 in
930 2185 999 2247 loco
1022 2199 1160 2266 vocatos,
1219 2220 1229 2236 ·

66 2301 90 2342 ee
109 2290 210 2351 ratione
238 2291 342 2367 ducti,
374 2292 493 2370 optimis
515 2309 712 2350 annumerare
739 2307 909 2370 possumus.
952 2287 1033 2349 Fieri
1061 2301 1161 2351 tamen

64 2397 154 2465 posset,
179 2402 213 2453 ut
231 2395 338 2453 Cleoni
367 2394 599 2454 adversarentur
624 2389 762 2450 homines
790 2391 838 2449 sui
867 2389 1017 2449 commodi
1045 2411 1160 2469 caussa,

66 2504 139 2566 nequa
171 2493 206 2554 ob
240 2495 369 2556 salutem
399 2495 600 2575 reipublicae,
643 2513 734 2573 quam
769 2495 858 2572 poeta
895 2501 998 2552 noster
1033 2495 1162 2556 maxime

67 2592 170 2654 ennium
190 2599 322 2659 curabat.
368 2597 442 2657 Nam
465 2613 558 2676 quum
578 2595 772 2675 Agoracritus
803 2593 840 2654 ab
869 2592 956 2654 initio
984 2595 1025 2655 ita
1048 2595 1161 2658 deseri.

66 2685 146 2770 batur,
166 2707 199 2757 ut
219 2699 329 2759 Cleone
348 2699 483 2779 peiorem
504 2697 656 2759 hominem
676 2697 769 2757 fuisse
788 2695 961 2774 videamus,
989 2697 1086 2778 ipsius
1108 2721 1162 2760 so-

69 2790 114 2850 cios
136 2801 182 2875 qui
208 2821 239 2860 se
271 2799 469 2880 profitentur,
497 2803 529 2859 in
559 2801 684 2861 eandem
711 2798 975 2878 reprehensionem
995 2800 1161 2864 incurrent.

69 2893 111 2953 Sed
126 2899 244 2976 primum
266 2901 428 2961 tenendum
452 2909 514 2977 ost,
539 2903 643 2981 quales
665 2898 748 2981 apud
769 2905 890 2982 poetam
910 2913 1045 2964 nostrum
1066 2903 1162 2966 homi-

69 3010 106 3052 nes
122 2996 148 3057 in
166 3023 282 3064 scenam
303 3005 434 3084 produci
456 3003 590 3080 soleant3
613 3023 690 3083 quos
706 3023 765 3083 pro
781 3001 909 3062 arbitrio
921 3014 1018 3065 mutat
1037 3015 1068 3066 st
1088 3026 1162 3067 mox

70 3095 160 3168 idme
192 3125 264 3166 mox
301 3107 439 3167 meliores
473 3105 555 3165 fecit.
614 3105 688 3165 Dein
722 3103 940 3165 advertendum
976 3117 1038 3184 sst,
1077 3107 1162 3187 quod

71 3199 172 3263 eunom
191 3206 339 3268 bononem
359 3207 488 3270 tutelam
509 3207 710 3286 allantopolae
731 3205 889 3286 promittit

135 3337 183 3400 Sed
203 3342 241 3404 sd
264 3345 395 3429 singulos
417 3345 604 3408 accedamus.
648 3341 693 3401 Ao
719 3341 849 3421 primum
879 3341 1015 3420 equidem
1038 3341 1162 3424 Equites

72 3428 160 3501 laudat
176 3443 322 3526 bonisque
348 3449 500 3514 accenseri
523 3466 639 3508 censeo.
683 3443 750 3502 Non
773 3444 869 3507 solum
891 3443 986 3522 enim,
1016 3453 1052 3504 ut
1072 3445 1163 3506 vide-

73 3549 132 3646 ntur,
155 3547 249 3607 statim
277 3549 314 3608 ab
342 3549 426 3615 initio
457 3545 594 3636 ἆγαθούς
615 3566 667 3607 eos
688 3546 826 3624 vocavit,
855 3545 906 3606 sed
925 3555 1053 3628 possunt
1073 3547 1163 3606 etiam

74 3651 120 3696 eus
137 3645 176 3705 rei
195 3669 314 3714 caussae
335 3653 462 3714 idoneas
484 3651 593 3715 afferri.
637 3649 773 3724 Quarum
796 3669 872 3731 quas
894 3669 1008 3708 summa
1022 3657 1077 3722 est,
1097 3670 1161 3710 eam

73 3736 147 3810 Pss'fflo
169 3747 236 3810 loco
267 3753 429 3840 proferam.
478 3753 559 3819 Nihil
588 3749 801 3837 Aristophanes
830 3751 944 3811 maiore
971 3751 1163 3832 persequitur

75 3833 138 3915 ⁰³50,
168 3851 240 3912 nihil
266 3854 472 3918 vehementius
502 3855 615 3916 facetiis
642 3856 705 3914 auis
731 3855 930 3945 perstrinxit,
961 3872 1051 3933 quam
1079 3853 1162 3934 quod

75 3953 162 4028 tunes,
189 3957 238 4034 qui
257 3980 315 4038 pro
334 3959 490 4040 republica
512 3969 611 4039 agunt,
639 3977 728 4018 suum
757 3957 945 4040 potissimum
972 3954 1161 4018 commodem

76 4129 249 4162 “··--.-

102 4258 122 4326 Ι)
137 4263 226 4338 Eqattt.
241 4277 398 4335 222—233.
