<?xml version="1.0" encoding="UTF-8"?>
<!DOCTYPE html PUBLIC "-//W3C//DTD XHTML 1.0 Transitional//EN"
    "http://www.w3.org/TR/xhtml1/DTD/xhtml1-transitional.dtd">
<html xmlns="http://www.w3.org/1999/xhtml" xml:lang="en" lang="en">
 <head>
  <title>
</title>
<meta http-equiv="Content-Type" content="text/html;charset=utf-8" />
  <meta name='ocr-system' content='tesseract 3.04.00' />
  <meta name='ocr-capabilities' content='ocr_page ocr_carea ocr_par ocr_line ocrx_word'/>
</head>
<body>
  <div class='ocr_page' id='page_1' title='image "aristophanisplu00thiegoog_0100.png"; bbox 0 0 2784 4959; ppageno 0'>
   <div class='ocr_carea' id='block_1_1' title="bbox 244 370 1020 474">
    <p class='ocr_par' dir='ltr' id='par_1_1' title="bbox 244 370 1020 474">
     <span class='ocr_line' id='line_1_1' title="bbox 244 370 1020 474; baseline -0.009 0"><span class='ocrx_word' id='word_1_1' title='bbox 244 418 345 474; x_wconf 78' lang='lat' dir='ltr'><strong>acar-</strong></span> <span class='ocrx_word' id='word_1_2' title='bbox 432 404 462 471; x_wconf 90' lang='grc'><strong>,·</strong></span> <span class='ocrx_word' id='word_1_3' title='bbox 570 370 1020 467; x_wconf 67' lang='lat' dir='ltr'><strong>comitantum</strong></span> 
     </span>
    </p>
   </div>
   <div class='ocr_carea' id='block_1_2' title="bbox 79 558 1377 1277">
    <p class='ocr_par' dir='ltr' id='par_1_2' title="bbox 79 558 1377 869">
     <span class='ocr_line' id='line_1_2' title="bbox 239 558 1377 669; baseline 0.003 -25"><span class='ocrx_word' id='word_1_4' title='bbox 239 584 455 662; x_wconf 63' lang='lat' dir='ltr'><strong>mgnum,</strong></span> <span class='ocrx_word' id='word_1_5' title='bbox 475 579 657 662; x_wconf 66' lang='lat' dir='ltr'><strong>quonum</strong></span> <span class='ocrx_word' id='word_1_6' title='bbox 669 558 729 643; x_wconf 73' lang='lat' dir='ltr'><strong>ino</strong></span> <span class='ocrx_word' id='word_1_7' title='bbox 744 580 1030 669; x_wconf 69' lang='lat' dir='ltr'><strong>innumerum</strong></span> <span class='ocrx_word' id='word_1_8' title='bbox 1052 580 1249 667; x_wconf 53' lang='lat' dir='ltr'><strong>masmae</strong></span> <span class='ocrx_word' id='word_1_9' title='bbox 1295 580 1377 647; x_wconf 75' lang='lat' dir='ltr'><strong>mn</strong></span> 
     </span>
     <span class='ocr_line' id='line_1_3' title="bbox 239 682 1377 769; baseline -0.001 -22"><span class='ocrx_word' id='word_1_10' title='bbox 239 686 330 750; x_wconf 84' lang='lat' dir='ltr'><strong>dubis</strong></span> <span class='ocrx_word' id='word_1_11' title='bbox 349 685 441 765; x_wconf 77' lang='lat' dir='ltr'><strong>igitar</strong></span> <span class='ocrx_word' id='word_1_12' title='bbox 459 685 592 766; x_wconf 84' lang='lat' dir='ltr'><strong>scriptor</strong></span> <span class='ocrx_word' id='word_1_13' title='bbox 606 682 641 745; x_wconf 86' lang='lat' dir='ltr'><strong>in</strong></span> <span class='ocrx_word' id='word_1_14' title='bbox 657 703 692 744; x_wconf 86' lang='lat' dir='ltr'><strong>aa</strong></span> <span class='ocrx_word' id='word_1_15' title='bbox 709 702 744 747; x_wconf 86' lang='lat' dir='ltr'><strong>rs</strong></span> <span class='ocrx_word' id='word_1_16' title='bbox 763 685 861 746; x_wconf 78' lang='lat' dir='ltr'><strong>sontes</strong></span> <span class='ocrx_word' id='word_1_17' title='bbox 880 693 1001 745; x_wconf 86' lang='lat' dir='ltr'><strong>secutus</strong></span> <span class='ocrx_word' id='word_1_18' title='bbox 1022 692 1080 763; x_wconf 87' lang='lat' dir='ltr'><strong>eat,</strong></span> <span class='ocrx_word' id='word_1_19' title='bbox 1102 706 1192 767; x_wconf 75' lang='lat' dir='ltr'><strong>qnos</strong></span> <span class='ocrx_word' id='word_1_20' title='bbox 1217 685 1314 759; x_wconf 68' lang='lat' dir='ltr'><strong>adira</strong></span> <span class='ocrx_word' id='word_1_21' title='bbox 1329 686 1377 769; x_wconf 89' lang='lat' dir='ltr'><strong>ipn</strong></span> 
     </span>
     <span class='ocr_line' id='line_1_4' title="bbox 79 786 1377 869; baseline 0.002 -22"><span class='ocrx_word' id='word_1_22' title='bbox 79 812 83 826; x_wconf 90' lang='lat'><em>·</em></span> <span class='ocrx_word' id='word_1_23' title='bbox 176 844 181 851; x_wconf 80' lang='grc'><em>,</em></span> <span class='ocrx_word' id='word_1_24' title='bbox 237 808 302 848; x_wconf 86' lang='lat' dir='ltr'><strong>uon</strong></span> <span class='ocrx_word' id='word_1_25' title='bbox 320 806 488 869; x_wconf 86' lang='lat' dir='ltr'><strong>possumus.</strong></span> <span class='ocrx_word' id='word_1_26' title='bbox 532 788 654 868; x_wconf 87' lang='lat' dir='ltr'><strong>Loquor</strong></span> <span class='ocrx_word' id='word_1_27' title='bbox 673 796 771 847; x_wconf 84' lang='lat' dir='ltr'><strong>antean</strong></span> <span class='ocrx_word' id='word_1_28' title='bbox 792 788 828 847; x_wconf 85' lang='lat' dir='ltr'><strong>de</strong></span> <span class='ocrx_word' id='word_1_29' title='bbox 851 786 1004 864; x_wconf 81' lang='lat' dir='ltr'><strong>versibus,</strong></span> <span class='ocrx_word' id='word_1_30' title='bbox 1031 808 1125 868; x_wconf 88' lang='lat' dir='ltr'><strong>quos,</strong></span> <span class='ocrx_word' id='word_1_31' title='bbox 1147 788 1215 849; x_wconf 85' lang='lat' dir='ltr'><strong>ubi</strong></span> <span class='ocrx_word' id='word_1_32' title='bbox 1237 789 1282 850; x_wconf 84' lang='lat' dir='ltr'><strong>de</strong></span> <span class='ocrx_word' id='word_1_33' title='bbox 1301 788 1377 849; x_wconf 81' lang='lat' dir='ltr'><strong>filio-</strong></span> 
     </span>
    </p>

    <p class='ocr_par' dir='ltr' id='par_1_3' title="bbox 103 886 1377 1277">
     <span class='ocr_line' id='line_1_5' title="bbox 212 886 1377 969; baseline -0.003 -15"><span class='ocrx_word' id='word_1_34' title='bbox 212 906 306 968; x_wconf 53' lang='lat' dir='ltr'><strong>‚mm</strong></span> <span class='ocrx_word' id='word_1_35' title='bbox 320 908 418 952; x_wconf 85' lang='lat' dir='ltr'><strong>sermo</strong></span> <span class='ocrx_word' id='word_1_36' title='bbox 440 898 486 949; x_wconf 88' lang='lat' dir='ltr'><strong>est</strong></span> <span class='ocrx_word' id='word_1_37' title='bbox 507 902 650 965; x_wconf 76' lang='lat' dir='ltr'><strong>numero,</strong></span> <span class='ocrx_word' id='word_1_38' title='bbox 671 888 770 949; x_wconf 85' lang='lat' dir='ltr'><strong>dictos</strong></span> <span class='ocrx_word' id='word_1_39' title='bbox 791 886 963 951; x_wconf 84' lang='lat' dir='ltr'><strong>iliudorlius</strong></span> <span class='ocrx_word' id='word_1_40' title='bbox 986 888 1020 951; x_wconf 87' lang='lat' dir='ltr'><strong>iu</strong></span> <span class='ocrx_word' id='word_1_41' title='bbox 1045 890 1237 969; x_wconf 71' lang='lat' dir='ltr'><strong>fragmentis</strong></span> <span class='ocrx_word' id='word_1_42' title='bbox 1271 892 1377 953; x_wconf 72' lang='lat' dir='ltr'><strong>rettulit</strong></span> 
     </span>
     <span class='ocr_line' id='line_1_6' title="bbox 236 989 1377 1075; baseline -0.004 -16"><span class='ocrx_word' id='word_1_43' title='bbox 236 996 363 1075; x_wconf 77' lang='lat'>1¹·205·</span> <span class='ocrx_word' id='word_1_44' title='bbox 386 995 462 1059; x_wconf 82' lang='lat'><strong>487.</strong></span> <span class='ocrx_word' id='word_1_45' title='bbox 504 990 589 1053; x_wconf 79' lang='lat' dir='ltr'><strong>Nihil</strong></span> <span class='ocrx_word' id='word_1_46' title='bbox 613 999 712 1053; x_wconf 87' lang='lat' dir='ltr'><strong>tamen</strong></span> <span class='ocrx_word' id='word_1_47' title='bbox 736 990 812 1053; x_wconf 85' lang='lat' dir='ltr'><strong>certi</strong></span> <span class='ocrx_word' id='word_1_48' title='bbox 839 1000 939 1071; x_wconf 87' lang='lat' dir='ltr'><strong>potest</strong></span> <span class='ocrx_word' id='word_1_49' title='bbox 963 1010 1002 1051; x_wconf 83' lang='lat' dir='ltr'><strong>ex</strong></span> <span class='ocrx_word' id='word_1_50' title='bbox 1030 989 1070 1050; x_wconf 88' lang='lat' dir='ltr'><strong>iia</strong></span> <span class='ocrx_word' id='word_1_51' title='bbox 1093 992 1226 1073; x_wconf 72' lang='lat' dir='ltr'><strong>colligi,</strong></span> <span class='ocrx_word' id='word_1_52' title='bbox 1257 995 1289 1053; x_wconf 90' lang='lat' dir='ltr'><strong>si</strong></span> <span class='ocrx_word' id='word_1_53' title='bbox 1318 1014 1377 1055; x_wconf 92' lang='lat' dir='ltr'><strong>rem</strong></span> 
     </span>
     <span class='ocr_line' id='line_1_7' title="bbox 187 1078 1375 1177; baseline -0.003 -20"><span class='ocrx_word' id='word_1_54' title='bbox 187 1170 191 1177; x_wconf 31' lang='lat'><strong><em>¹</em></strong></span> <span class='ocrx_word' id='word_1_55' title='bbox 236 1095 332 1176; x_wconf 87' lang='lat' dir='ltr'><strong>ipsam</strong></span> <span class='ocrx_word' id='word_1_56' title='bbox 358 1114 449 1174; x_wconf 84' lang='lat' dir='ltr'><strong>quam</strong></span> <span class='ocrx_word' id='word_1_57' title='bbox 476 1095 683 1155; x_wconf 83' lang='lat' dir='ltr'><strong>ostentandam</strong></span> <span class='ocrx_word' id='word_1_58' title='bbox 702 1092 849 1174; x_wconf 87' lang='lat' dir='ltr'><strong>suscepit,</strong></span> <span class='ocrx_word' id='word_1_59' title='bbox 889 1078 1136 1173; x_wconf 76' lang='lat' dir='ltr'><strong>contemplamur.</strong></span> <span class='ocrx_word' id='word_1_60' title='bbox 1183 1095 1262 1157; x_wconf 84' lang='lat' dir='ltr'><strong>Nisi</strong></span> <span class='ocrx_word' id='word_1_61' title='bbox 1285 1097 1375 1157; x_wconf 78' lang='lat' dir='ltr'><strong>fallor</strong></span> 
     </span>
     <span class='ocr_line' id='line_1_8' title="bbox 103 1186 1374 1277; baseline -0.003 -18"><span class='ocrx_word' id='word_1_62' title='bbox 103 1238 108 1245; x_wconf 47' lang='grc' dir='ltr'><em>ι</em></span> <span class='ocrx_word' id='word_1_63' title='bbox 234 1197 310 1261; x_wconf 85' lang='lat' dir='ltr'><strong>baec</strong></span> <span class='ocrx_word' id='word_1_64' title='bbox 331 1196 432 1257; x_wconf 87' lang='lat' dir='ltr'><strong>omnia</strong></span> <span class='ocrx_word' id='word_1_65' title='bbox 455 1213 494 1256; x_wconf 72' lang='grc' dir='ltr'><strong>α</strong></span> <span class='ocrx_word' id='word_1_66' title='bbox 515 1194 689 1263; x_wconf 79' lang='lat' dir='ltr'><strong>Dicaearchi</strong></span> <span class='ocrx_word' id='word_1_67' title='bbox 708 1196 788 1258; x_wconf 88' lang='lat' dir='ltr'><strong>libro</strong></span> <span class='ocrx_word' id='word_1_68' title='bbox 809 1193 879 1277; x_wconf 77' lang='lat' dir='ltr'><strong>scapi</strong></span> <span class='ocrx_word' id='word_1_69' title='bbox 898 1196 975 1277; x_wconf 70' lang='grc' dir='ltr'><strong>βίον</strong></span> <span class='ocrx_word' id='word_1_70' title='bbox 991 1186 1119 1275; x_wconf 64' lang='lat' dir='ltr'><strong>hausit,</strong></span> <span class='ocrx_word' id='word_1_71' title='bbox 1131 1216 1234 1277; x_wconf 79' lang='lat' dir='ltr'><strong>quem</strong></span> <span class='ocrx_word' id='word_1_72' title='bbox 1250 1197 1293 1259; x_wconf 85' lang='lat' dir='ltr'><strong>de</strong></span> <span class='ocrx_word' id='word_1_73' title='bbox 1312 1196 1374 1256; x_wconf 77' lang='lat' dir='ltr'><strong>Ari-</strong></span> 
     </span>
    </p>
   </div>
   <div class='ocr_carea' id='block_1_3' title="bbox 165 1296 1370 1381">
    <p class='ocr_par' dir='ltr' id='par_1_4' title="bbox 165 1296 1370 1381">
     <span class='ocr_line' id='line_1_9' title="bbox 165 1296 1370 1381; baseline 0.005 -28"><span class='ocrx_word' id='word_1_74' title='bbox 165 1340 171 1353; x_wconf 87' lang='lat'>.</span> <span class='ocrx_word' id='word_1_75' title='bbox 235 1298 383 1381; x_wconf 80' lang='lat' dir='ltr'><strong>stephane</strong></span> <span class='ocrx_word' id='word_1_76' title='bbox 405 1298 579 1379; x_wconf 81' lang='lat' dir='ltr'><strong>exposuisse</strong></span> <span class='ocrx_word' id='word_1_77' title='bbox 605 1306 709 1380; x_wconf 83' lang='lat' dir='ltr'><strong>postea</strong></span> <span class='ocrx_word' id='word_1_78' title='bbox 736 1298 914 1359; x_wconf 79' lang='lat' dir='ltr'><strong>videbimus.</strong></span> <span class='ocrx_word' id='word_1_79' title='bbox 956 1296 986 1357; x_wconf 80' lang='lat' dir='ltr'><strong>le</strong></span> <span class='ocrx_word' id='word_1_80' title='bbox 1007 1296 1087 1360; x_wconf 85' lang='lat' dir='ltr'><strong>euim</strong></span> <span class='ocrx_word' id='word_1_81' title='bbox 1112 1298 1228 1363; x_wconf 75' lang='lat' dir='ltr'><strong>udum</strong></span> <span class='ocrx_word' id='word_1_82' title='bbox 1254 1298 1370 1361; x_wconf 83' lang='lat' dir='ltr'><strong>ratione</strong></span> 
     </span>
    </p>
   </div>
   <div class='ocr_carea' id='block_1_4' title="bbox 135 1380 1369 1482">
    <p class='ocr_par' dir='ltr' id='par_1_5' title="bbox 135 1380 1369 1482">
     <span class='ocr_line' id='line_1_10' title="bbox 135 1380 1369 1482; baseline -0.006 -15"><span class='ocrx_word' id='word_1_83' title='bbox 135 1380 139 1388; x_wconf 90' lang='grc'><strong>’</strong></span> <span class='ocrx_word' id='word_1_84' title='bbox 233 1423 298 1466; x_wconf 74' lang='lat' dir='ltr'><strong>sss</strong></span> <span class='ocrx_word' id='word_1_85' title='bbox 320 1401 521 1464; x_wconf 61' lang='lat' dir='ltr'><strong>callosorum</strong></span> <span class='ocrx_word' id='word_1_86' title='bbox 542 1400 595 1464; x_wconf 66' lang='lat' dir='ltr'><strong>aas</strong></span> <span class='ocrx_word' id='word_1_87' title='bbox 614 1400 817 1465; x_wconf 61' lang='lat' dir='ltr'><strong>namurcum</strong></span> <span class='ocrx_word' id='word_1_88' title='bbox 837 1399 961 1461; x_wconf 71' lang='lat' dir='ltr'><strong>eruum</strong></span> <span class='ocrx_word' id='word_1_89' title='bbox 985 1399 1153 1479; x_wconf 61' lang='lat' dir='ltr'><strong>apponas</strong></span> <span class='ocrx_word' id='word_1_90' title='bbox 1177 1400 1369 1482; x_wconf 60' lang='lat' dir='ltr'><strong>sinopa.-</strong></span> 
     </span>
    </p>
   </div>
   <div class='ocr_carea' id='block_1_5' title="bbox 181 1500 1366 2403">
    <p class='ocr_par' dir='ltr' id='par_1_6' title="bbox 226 1500 1366 1790">
     <span class='ocr_line' id='line_1_11' title="bbox 233 1500 1366 1585; baseline -0.005 -18"><span class='ocrx_word' id='word_1_91' title='bbox 233 1504 284 1567; x_wconf 84' lang='lat' dir='ltr'><strong>nis</strong></span> <span class='ocrx_word' id='word_1_92' title='bbox 299 1504 405 1568; x_wconf 85' lang='lat' dir='ltr'><strong>lilium.</strong></span> <span class='ocrx_word' id='word_1_93' title='bbox 439 1504 487 1563; x_wconf 85' lang='lat' dir='ltr'><strong>Ex</strong></span> <span class='ocrx_word' id='word_1_94' title='bbox 511 1502 701 1582; x_wconf 83' lang='lat' dir='ltr'><strong>eiusdemque</strong></span> <span class='ocrx_word' id='word_1_95' title='bbox 719 1502 798 1563; x_wconf 83' lang='lat' dir='ltr'><strong>libro</strong></span> <span class='ocrx_word' id='word_1_96' title='bbox 819 1520 895 1583; x_wconf 81' lang='lat' dir='ltr'><strong>qnae</strong></span> <span class='ocrx_word' id='word_1_97' title='bbox 912 1500 950 1561; x_wconf 84' lang='lat' dir='ltr'><strong>sle</strong></span> <span class='ocrx_word' id='word_1_98' title='bbox 974 1521 1085 1563; x_wconf 85' lang='lat' dir='ltr'><strong>corona</strong></span> <span class='ocrx_word' id='word_1_99' title='bbox 1109 1512 1249 1585; x_wconf 83' lang='lat' dir='ltr'><strong>propter</strong></span> <span class='ocrx_word' id='word_1_100' title='bbox 1263 1504 1366 1563; x_wconf 78' lang='lat' dir='ltr'><strong>Rana-</strong></span> 
     </span>
     <span class='ocr_line' id='line_1_12' title="bbox 233 1602 1366 1686; baseline -0.004 -16"><span class='ocrx_word' id='word_1_101' title='bbox 233 1607 447 1671; x_wconf 82' lang='lat' dir='ltr'><strong>rumlabulsm</strong></span> <span class='ocrx_word' id='word_1_102' title='bbox 460 1612 566 1685; x_wconf 71' lang='lat' dir='ltr'><strong>poetas</strong></span> <span class='ocrx_word' id='word_1_103' title='bbox 580 1604 720 1686; x_wconf 88' lang='lat' dir='ltr'><strong>imposita</strong></span> <span class='ocrx_word' id='word_1_104' title='bbox 733 1602 872 1685; x_wconf 82' lang='lat' dir='ltr'><strong>protulit,</strong></span> <span class='ocrx_word' id='word_1_105' title='bbox 894 1602 1128 1668; x_wconf 81' lang='lat' dir='ltr'><strong>confirmantur..</strong></span> <span class='ocrx_word' id='word_1_106' title='bbox 1164 1606 1280 1681; x_wconf 82' lang='lat' dir='ltr'><strong>Quare</strong></span> <span class='ocrx_word' id='word_1_107' title='bbox 1301 1606 1366 1667; x_wconf 89' lang='lat' dir='ltr'><strong>bre·</strong></span> 
     </span>
     <span class='ocr_line' id='line_1_13' title="bbox 226 1706 1229 1790; baseline -0.002 -19"><span class='ocrx_word' id='word_1_108' title='bbox 226 1706 303 1773; x_wconf 73' lang='lat' dir='ltr'><strong>‘rem</strong></span> <span class='ocrx_word' id='word_1_109' title='bbox 320 1706 497 1771; x_wconf 72' lang='lat' dir='ltr'><strong>Dicaearchi</strong></span> <span class='ocrx_word' id='word_1_110' title='bbox 518 1707 612 1769; x_wconf 78' lang='lat' dir='ltr'><strong>vitam</strong></span> <span class='ocrx_word' id='word_1_111' title='bbox 633 1706 696 1769; x_wconf 86' lang='lat' dir='ltr'><strong>suis</strong></span> <span class='ocrx_word' id='word_1_112' title='bbox 718 1706 928 1769; x_wconf 84' lang='lat' dir='ltr'><strong>additamentis</strong></span> <span class='ocrx_word' id='word_1_113' title='bbox 947 1706 1068 1771; x_wconf 73' lang='lat' dir='ltr'><strong>anxiam</strong></span> <span class='ocrx_word' id='word_1_114' title='bbox 1085 1706 1229 1790; x_wconf 79' lang='lat' dir='ltr'><strong>videtur.</strong></span> 
     </span>
    </p>

    <p class='ocr_par' dir='ltr' id='par_1_7' title="bbox 181 1806 1360 2403">
     <span class='ocr_line' id='line_1_14' title="bbox 181 1806 1360 1891; baseline -0.001 -24"><span class='ocrx_word' id='word_1_115' title='bbox 181 1854 188 1867; x_wconf 84' lang='lat'><strong>.</strong></span> <span class='ocrx_word' id='word_1_116' title='bbox 316 1810 358 1876; x_wconf 74' lang='lat' dir='ltr'><strong>At</strong></span> <span class='ocrx_word' id='word_1_117' title='bbox 378 1828 471 1890; x_wconf 86' lang='lat' dir='ltr'><strong>quum</strong></span> <span class='ocrx_word' id='word_1_118' title='bbox 495 1808 631 1889; x_wconf 79' lang='lat' dir='ltr'><strong>equidem</strong></span> <span class='ocrx_word' id='word_1_119' title='bbox 655 1828 720 1867; x_wconf 90' lang='lat' dir='ltr'><strong>non</strong></span> <span class='ocrx_word' id='word_1_120' title='bbox 745 1806 963 1887; x_wconf 79' lang='lat' dir='ltr'><strong>dubitaverim,</strong></span> <span class='ocrx_word' id='word_1_121' title='bbox 990 1829 1066 1891; x_wconf 87' lang='lat' dir='ltr'><strong>qnae</strong></span> <span class='ocrx_word' id='word_1_122' title='bbox 1091 1808 1128 1871; x_wconf 89' lang='lat' dir='ltr'><strong>de</strong></span> <span class='ocrx_word' id='word_1_123' title='bbox 1155 1810 1247 1873; x_wconf 83' lang='lat' dir='ltr'><strong>vitae</strong></span> <span class='ocrx_word' id='word_1_124' title='bbox 1270 1807 1360 1871; x_wconf 88' lang='lat' dir='ltr'><strong>huius</strong></span> 
     </span>
     <span class='ocr_line' id='line_1_15' title="bbox 232 1892 1357 1997; baseline -0.007 -22"><span class='ocrx_word' id='word_1_125' title='bbox 232 1913 382 1997; x_wconf 79' lang='lat' dir='ltr'><strong>scriptore</strong></span> <span class='ocrx_word' id='word_1_126' title='bbox 401 1892 513 1989; x_wconf 81' lang='lat' dir='ltr'><strong>sentio,</strong></span> <span class='ocrx_word' id='word_1_127' title='bbox 535 1910 651 1972; x_wconf 85' lang='lat' dir='ltr'><strong>dicere:</strong></span> <span class='ocrx_word' id='word_1_128' title='bbox 672 1908 733 1969; x_wconf 90' lang='lat' dir='ltr'><strong>iam</strong></span> <span class='ocrx_word' id='word_1_129' title='bbox 755 1929 772 1968; x_wconf 89' lang='lat' dir='ltr'><strong>a</strong></span> <span class='ocrx_word' id='word_1_130' title='bbox 792 1909 875 1969; x_wconf 88' lang='lat' dir='ltr'><strong>tenui</strong></span> <span class='ocrx_word' id='word_1_131' title='bbox 896 1908 958 1971; x_wconf 84' lang='lat' dir='ltr'><strong>sius</strong></span> <span class='ocrx_word' id='word_1_132' title='bbox 975 1908 1096 1989; x_wconf 78' lang='lat' dir='ltr'><strong>libello,</strong></span> <span class='ocrx_word' id='word_1_133' title='bbox 1114 1910 1149 1971; x_wconf 89' lang='lat' dir='ltr'><strong>in</strong></span> <span class='ocrx_word' id='word_1_134' title='bbox 1166 1932 1230 1993; x_wconf 90' lang='lat' dir='ltr'><strong>quo</strong></span> <span class='ocrx_word' id='word_1_135' title='bbox 1247 1930 1357 1991; x_wconf 84' lang='lat' dir='ltr'><strong>cogno-</strong></span> 
     </span>
     <span class='ocr_line' id='line_1_16' title="bbox 232 2010 1357 2094; baseline -0.008 -17"><span class='ocrx_word' id='word_1_136' title='bbox 232 2016 343 2078; x_wconf 82' lang='lat' dir='ltr'><strong>scendo</strong></span> <span class='ocrx_word' id='word_1_137' title='bbox 365 2014 499 2077; x_wconf 86' lang='lat' dir='ltr'><strong>studium</strong></span> <span class='ocrx_word' id='word_1_138' title='bbox 523 2032 621 2075; x_wconf 87' lang='lat' dir='ltr'><strong>meum</strong></span> <span class='ocrx_word' id='word_1_139' title='bbox 635 2010 741 2093; x_wconf 85' lang='lat' dir='ltr'><strong>posui,</strong></span> <span class='ocrx_word' id='word_1_140' title='bbox 763 2013 870 2073; x_wconf 87' lang='lat' dir='ltr'><strong>oculos</strong></span> <span class='ocrx_word' id='word_1_141' title='bbox 885 2022 1019 2077; x_wconf 71' lang='lat' dir='ltr'><strong>ararim</strong></span> <span class='ocrx_word' id='word_1_142' title='bbox 1031 2012 1162 2094; x_wconf 76' lang='lat' dir='ltr'><strong>iuvabit,</strong></span> <span class='ocrx_word' id='word_1_143' title='bbox 1187 2024 1220 2075; x_wconf 90' lang='lat' dir='ltr'><strong>et</strong></span> <span class='ocrx_word' id='word_1_144' title='bbox 1233 2014 1275 2075; x_wconf 88' lang='lat' dir='ltr'><strong>ad</strong></span> <span class='ocrx_word' id='word_1_145' title='bbox 1289 2012 1357 2073; x_wconf 88' lang='lat' dir='ltr'><strong>alios</strong></span> 
     </span>
     <span class='ocr_line' id='line_1_17' title="bbox 231 2112 1354 2195; baseline -0.008 -15"><span class='ocrx_word' id='word_1_146' title='bbox 231 2118 364 2181; x_wconf 81' lang='lat' dir='ltr'><strong>vitarum</strong></span> <span class='ocrx_word' id='word_1_147' title='bbox 384 2125 521 2178; x_wconf 85' lang='lat' dir='ltr'><strong>auctores</strong></span> <span class='ocrx_word' id='word_1_148' title='bbox 545 2114 715 2195; x_wconf 72' lang='lat' dir='ltr'><strong>confugere.</strong></span> <span class='ocrx_word' id='word_1_149' title='bbox 757 2112 875 2175; x_wconf 84' lang='lat' dir='ltr'><strong>Etenim</strong></span> <span class='ocrx_word' id='word_1_150' title='bbox 895 2114 1036 2195; x_wconf 87' lang='lat' dir='ltr'><strong>quonism</strong></span> <span class='ocrx_word' id='word_1_151' title='bbox 1054 2114 1129 2175; x_wconf 86' lang='lat' dir='ltr'><strong>fides</strong></span> <span class='ocrx_word' id='word_1_152' title='bbox 1150 2115 1181 2176; x_wconf 90' lang='lat' dir='ltr'><strong>ei</strong></span> <span class='ocrx_word' id='word_1_153' title='bbox 1205 2136 1271 2177; x_wconf 88' lang='lat' dir='ltr'><strong>nou</strong></span> <span class='ocrx_word' id='word_1_154' title='bbox 1294 2134 1354 2175; x_wconf 84' lang='lat' dir='ltr'><strong>ms-</strong></span> 
     </span>
     <span class='ocr_line' id='line_1_18' title="bbox 229 2216 1354 2302; baseline -0.007 -21"><span class='ocrx_word' id='word_1_155' title='bbox 229 2240 290 2301; x_wconf 74' lang='lat' dir='ltr'><strong>gns</strong></span> <span class='ocrx_word' id='word_1_156' title='bbox 319 2218 422 2284; x_wconf 86' lang='lat' dir='ltr'><strong>baberi</strong></span> <span class='ocrx_word' id='word_1_157' title='bbox 450 2226 564 2299; x_wconf 88' lang='lat' dir='ltr'><strong>potest,</strong></span> <span class='ocrx_word' id='word_1_158' title='bbox 596 2234 673 2298; x_wconf 88' lang='lat' dir='ltr'><strong>quse</strong></span> <span class='ocrx_word' id='word_1_159' title='bbox 697 2216 734 2275; x_wconf 90' lang='lat' dir='ltr'><strong>ab</strong></span> <span class='ocrx_word' id='word_1_160' title='bbox 763 2216 830 2277; x_wconf 84' lang='lat' dir='ltr'><strong>aliis</strong></span> <span class='ocrx_word' id='word_1_161' title='bbox 858 2217 1091 2299; x_wconf 77' lang='lat' dir='ltr'><strong>comprobantur</strong></span> <span class='ocrx_word' id='word_1_162' title='bbox 1113 2236 1233 2302; x_wconf 86' lang='lat' dir='ltr'><strong>suaque</strong></span> <span class='ocrx_word' id='word_1_163' title='bbox 1255 2216 1354 2279; x_wconf 86' lang='lat' dir='ltr'><strong>indole</strong></span> 
     </span>
     <span class='ocr_line' id='line_1_19' title="bbox 230 2316 1350 2403; baseline -0.005 -20"><span class='ocrx_word' id='word_1_164' title='bbox 230 2319 320 2392; x_wconf 78' lang='lat' dir='ltr'><strong>iidem</strong></span> <span class='ocrx_word' id='word_1_165' title='bbox 347 2325 519 2395; x_wconf 83' lang='lat' dir='ltr'><strong>merentur,</strong></span> <span class='ocrx_word' id='word_1_166' title='bbox 546 2338 580 2379; x_wconf 88' lang='lat' dir='ltr'><strong>ea</strong></span> <span class='ocrx_word' id='word_1_167' title='bbox 609 2316 674 2378; x_wconf 87' lang='lat' dir='ltr'><strong>sine</strong></span> <span class='ocrx_word' id='word_1_168' title='bbox 704 2318 888 2379; x_wconf 88' lang='lat' dir='ltr'><strong>dubitatione</strong></span> <span class='ocrx_word' id='word_1_169' title='bbox 914 2318 1036 2401; x_wconf 79' lang='lat' dir='ltr'><strong>afferre,</strong></span> <span class='ocrx_word' id='word_1_170' title='bbox 1060 2340 1137 2403; x_wconf 83' lang='lat' dir='ltr'><strong>quae</strong></span> <span class='ocrx_word' id='word_1_171' title='bbox 1165 2342 1207 2385; x_wconf 83' lang='lat' dir='ltr'><strong>ex</strong></span> <span class='ocrx_word' id='word_1_172' title='bbox 1230 2342 1265 2384; x_wconf 90' lang='lat' dir='ltr'><strong>eo</strong></span> <span class='ocrx_word' id='word_1_173' title='bbox 1287 2319 1350 2379; x_wconf 88' lang='lat' dir='ltr'><strong>solo</strong></span> 
     </span>
    </p>
   </div>
   <div class='ocr_carea' id='block_1_6' title="bbox 229 2420 899 2507">
    <p class='ocr_par' dir='ltr' id='par_1_8' title="bbox 229 2420 899 2507">
     <span class='ocr_line' id='line_1_20' title="bbox 229 2420 899 2507; baseline -0.003 -18"><span class='ocrx_word' id='word_1_174' title='bbox 229 2424 447 2504; x_wconf 84' lang='lat' dir='ltr'><strong>innotuerant,</strong></span> <span class='ocrx_word' id='word_1_175' title='bbox 468 2442 520 2485; x_wconf 86' lang='lat' dir='ltr'><strong>ero</strong></span> <span class='ocrx_word' id='word_1_176' title='bbox 542 2420 630 2507; x_wconf 85' lang='lat' dir='ltr'><strong>parvi</strong></span> <span class='ocrx_word' id='word_1_177' title='bbox 652 2422 750 2485; x_wconf 73' lang='lat' dir='ltr'><strong>fecere</strong></span> <span class='ocrx_word' id='word_1_178' title='bbox 766 2430 899 2487; x_wconf 78' lang='lat' dir='ltr'><strong>coactus.</strong></span> 
     </span>
    </p>
   </div>
   <div class='ocr_carea' id='block_1_7' title="bbox 739 2669 840 2747">
    <p class='ocr_par' dir='ltr' id='par_1_9' title="bbox 739 2669 840 2747">
     <span class='ocr_line' id='line_1_21' title="bbox 739 2669 840 2747; baseline -0.02 0"><span class='ocrx_word' id='word_1_179' title='bbox 739 2669 840 2747; x_wconf 78' lang='lat' dir='ltr'><strong>vus</strong></span> 
     </span>
    </p>
   </div>
   <div class='ocr_carea' id='block_1_8' title="bbox 225 2840 1348 3233">
    <p class='ocr_par' dir='ltr' id='par_1_10' title="bbox 225 2840 1348 3233">
     <span class='ocr_line' id='line_1_22' title="bbox 311 2840 1342 2929; baseline 0 -26"><span class='ocrx_word' id='word_1_180' title='bbox 311 2842 355 2903; x_wconf 84' lang='lat' dir='ltr'><strong>lle</strong></span> <span class='ocrx_word' id='word_1_181' title='bbox 376 2842 470 2905; x_wconf 87' lang='lat' dir='ltr'><strong>alters</strong></span> <span class='ocrx_word' id='word_1_182' title='bbox 488 2840 694 2927; x_wconf 70' lang='lat' dir='ltr'><strong>Aristophanis</strong></span> <span class='ocrx_word' id='word_1_183' title='bbox 710 2843 791 2922; x_wconf 83' lang='lat' dir='ltr'><strong>vita,</strong></span> <span class='ocrx_word' id='word_1_184' title='bbox 813 2842 850 2904; x_wconf 88' lang='lat' dir='ltr'><strong>ab</strong></span> <span class='ocrx_word' id='word_1_185' title='bbox 871 2842 950 2905; x_wconf 78' lang='lat' dir='ltr'><strong>alto</strong></span> <span class='ocrx_word' id='word_1_186' title='bbox 964 2842 1096 2926; x_wconf 85' lang='lat' dir='ltr'><strong>primum</strong></span> <span class='ocrx_word' id='word_1_187' title='bbox 1116 2846 1218 2929; x_wconf 77' lang='lat' dir='ltr'><strong>alita,</strong></span> <span class='ocrx_word' id='word_1_188' title='bbox 1238 2842 1342 2907; x_wconf 86' lang='lat' dir='ltr'><strong>amul·</strong></span> 
     </span>
     <span class='ocr_line' id='line_1_23' title="bbox 225 2942 1341 3029; baseline 0.002 -24"><span class='ocrx_word' id='word_1_189' title='bbox 225 2942 266 3005; x_wconf 85' lang='lat' dir='ltr'><strong>tis</strong></span> <span class='ocrx_word' id='word_1_190' title='bbox 285 2954 391 3026; x_wconf 83' lang='lat' dir='ltr'><strong>postea</strong></span> <span class='ocrx_word' id='word_1_191' title='bbox 409 2943 552 3029; x_wconf 88' lang='lat' dir='ltr'><strong>repetita,</strong></span> <span class='ocrx_word' id='word_1_192' title='bbox 579 2946 690 3007; x_wconf 88' lang='lat' dir='ltr'><strong>omissa</strong></span> <span class='ocrx_word' id='word_1_193' title='bbox 709 2947 746 3008; x_wconf 93' lang='lat' dir='ltr'><strong>ab</strong></span> <span class='ocrx_word' id='word_1_194' title='bbox 765 2944 930 3009; x_wconf 84' lang='lat' dir='ltr'><strong>novissimo</strong></span> <span class='ocrx_word' id='word_1_195' title='bbox 944 2947 1079 3027; x_wconf 78' lang='lat' dir='ltr'>editore,</span> <span class='ocrx_word' id='word_1_196' title='bbox 1099 2946 1184 3011; x_wconf 87' lang='lat' dir='ltr'><strong>Imm.</strong></span> <span class='ocrx_word' id='word_1_197' title='bbox 1203 2948 1341 3013; x_wconf 73' lang='grc' dir='ltr'><strong>ΒοΗιοοοο</strong></span> 
     </span>
     <span class='ocr_line' id='line_1_24' title="bbox 226 3033 1348 3135; baseline 0 -28"><span class='ocrx_word' id='word_1_198' title='bbox 226 3042 324 3109; x_wconf 85' lang='lat' dir='ltr'><strong>multo</strong></span> <span class='ocrx_word' id='word_1_199' title='bbox 345 3046 444 3109; x_wconf 89' lang='lat' dir='ltr'><strong>minor</strong></span> <span class='ocrx_word' id='word_1_200' title='bbox 465 3053 510 3113; x_wconf 87' lang='lat' dir='ltr'><strong>est</strong></span> <span class='ocrx_word' id='word_1_201' title='bbox 530 3046 677 3109; x_wconf 74' lang='lat' dir='ltr'><strong>dubitatio</strong></span> <span class='ocrx_word' id='word_1_202' title='bbox 699 3046 757 3133; x_wconf 74' lang='lat'><strong>⁶¹).</strong></span> <span class='ocrx_word' id='word_1_203' title='bbox 790 3036 904 3130; x_wconf 75' lang='lat' dir='ltr'><strong>¹Aperte</strong></span> <span class='ocrx_word' id='word_1_204' title='bbox 924 3048 1002 3109; x_wconf 90' lang='lat' dir='ltr'><strong>enim</strong></span> <span class='ocrx_word' id='word_1_205' title='bbox 1022 3048 1055 3109; x_wconf 89' lang='lat' dir='ltr'><strong>in</strong></span> <span class='ocrx_word' id='word_1_206' title='bbox 1076 3046 1176 3112; x_wconf 76' lang='lat' dir='ltr'><strong>fronte</strong></span> <span class='ocrx_word' id='word_1_207' title='bbox 1199 3052 1274 3135; x_wconf 76' lang='lat' dir='ltr'><strong>gerit</strong></span> <span class='ocrx_word' id='word_1_208' title='bbox 1290 3033 1348 3109; x_wconf 55' lang='lat' dir='ltr'><strong>no·&#39;</strong></span> 
     </span>
     <span class='ocr_line' id='line_1_25' title="bbox 225 3148 1337 3233; baseline -0.004 -21"><span class='ocrx_word' id='word_1_209' title='bbox 225 3151 295 3213; x_wconf 88' lang='lat' dir='ltr'><strong>men</strong></span> <span class='ocrx_word' id='word_1_210' title='bbox 318 3148 451 3211; x_wconf 83' lang='lat' dir='ltr'><strong>Thomas</strong></span> <span class='ocrx_word' id='word_1_211' title='bbox 476 3149 629 3231; x_wconf 76' lang='lat' dir='ltr'><strong>Magistri,</strong></span> <span class='ocrx_word' id='word_1_212' title='bbox 664 3151 745 3213; x_wconf 87' lang='lat' dir='ltr'><strong>iuter</strong></span> <span class='ocrx_word' id='word_1_213' title='bbox 767 3150 950 3213; x_wconf 73' lang='lat' dir='ltr'><strong>recentiores</strong></span> <span class='ocrx_word' id='word_1_214' title='bbox 977 3152 1107 3213; x_wconf 85' lang='lat' dir='ltr'><strong>Graecos</strong></span> <span class='ocrx_word' id='word_1_215' title='bbox 1135 3152 1337 3233; x_wconf 83' lang='lat' dir='ltr'><strong>grammaticos</strong></span> 
     </span>
    </p>
   </div>
   <div class='ocr_carea' id='block_1_9' title="bbox 90 3245 1335 3349">
    <p class='ocr_par' dir='ltr' id='par_1_11' title="bbox 90 3245 1335 3349">
     <span class='ocr_line' id='line_1_26' title="bbox 90 3245 1335 3349; baseline -0.002 -33"><span class='ocrx_word' id='word_1_216' title='bbox 90 3245 95 3256; x_wconf 78' lang='grc'><strong>’</strong></span> <span class='ocrx_word' id='word_1_217' title='bbox 224 3252 391 3328; x_wconf 70' lang='lat' dir='ltr'><strong>notissimi,</strong></span> <span class='ocrx_word' id='word_1_218' title='bbox 412 3262 501 3335; x_wconf 89' lang='lat' dir='ltr'><strong>atque</strong></span> <span class='ocrx_word' id='word_1_219' title='bbox 523 3250 581 3314; x_wconf 83' lang='lat' dir='ltr'><strong>lsac</strong></span> <span class='ocrx_word' id='word_1_220' title='bbox 598 3252 794 3334; x_wconf 72' lang='lat' dir='ltr'><strong>inscriptione</strong></span> <span class='ocrx_word' id='word_1_221' title='bbox 812 3254 913 3315; x_wconf 86' lang='lat' dir='ltr'><strong>notari</strong></span> <span class='ocrx_word' id='word_1_222' title='bbox 935 3246 1032 3317; x_wconf 68' lang='lat' dir='ltr'><strong>soleti</strong></span> <span class='ocrx_word' id='word_1_223' title='bbox 1048 3256 1177 3349; x_wconf 62' lang='lat' dir='ltr'><strong>„Quum</strong></span> <span class='ocrx_word' id='word_1_224' title='bbox 1196 3258 1254 3321; x_wconf 74' lang='lat' dir='ltr'><strong>soal</strong></span> <span class='ocrx_word' id='word_1_225' title='bbox 1272 3256 1335 3319; x_wconf 83' lang='lat' dir='ltr'><strong>Mu·</strong></span> 
     </span>
    </p>
   </div>
   <div class='ocr_carea' id='block_1_10' title="bbox 166 3348 1335 4053">
    <p class='ocr_par' dir='ltr' id='par_1_12' title="bbox 166 3348 1335 4053">
     <span class='ocr_line' id='line_1_27' title="bbox 204 3348 1335 3441; baseline -0.002 -21"><span class='ocrx_word' id='word_1_226' title='bbox 204 3356 346 3441; x_wconf 65' lang='lat' dir='ltr'><strong>plotone</strong></span> <span class='ocrx_word' id='word_1_227' title='bbox 373 3350 506 3437; x_wconf 74' lang='grc' dir='ltr'><strong><em>σύνοψις</em></strong></span> <span class='ocrx_word' id='word_1_228' title='bbox 524 3357 582 3419; x_wconf 77' lang='lat' dir='ltr'><strong>soei</strong></span> <span class='ocrx_word' id='word_1_229' title='bbox 600 3377 633 3418; x_wconf 84' lang='grc' dir='ltr'><strong>το</strong></span> <span class='ocrx_word' id='word_1_230' title='bbox 658 3356 730 3437; x_wconf 74' lang='grc' dir='ltr'><strong><em>βίον</em></strong></span> <span class='ocrx_word' id='word_1_231' title='bbox 747 3348 981 3440; x_wconf 73' lang='grc' dir='ltr'><strong>Ἀριστοφάνους</strong></span> <span class='ocrx_word' id='word_1_232' title='bbox 999 3355 1051 3421; x_wconf 81' lang='lat' dir='ltr'><strong>sul</strong></span> <span class='ocrx_word' id='word_1_233' title='bbox 1075 3358 1131 3439; x_wconf 78' lang='grc' dir='ltr'><strong>τῆς</strong></span> <span class='ocrx_word' id='word_1_234' title='bbox 1149 3356 1207 3423; x_wconf 72' lang='lat' dir='ltr'><strong>too</strong></span> <span class='ocrx_word' id='word_1_235' title='bbox 1228 3351 1335 3440; x_wconf 73' lang='grc' dir='ltr'><strong><em>δράμο-</em></strong></span> 
     </span>
     <span class='ocr_line' id='line_1_28' title="bbox 222 3454 1332 3540; baseline -0.005 -19"><span class='ocrx_word' id='word_1_236' title='bbox 222 3483 274 3535; x_wconf 69' lang='lat' dir='ltr'><strong>soe</strong></span> <span class='ocrx_word' id='word_1_237' title='bbox 287 3456 497 3533; x_wconf 59' lang='lat' dir='ltr'><strong>onoblotoof‘</strong></span> <span class='ocrx_word' id='word_1_238' title='bbox 539 3456 706 3539; x_wconf 78' lang='lat' dir='ltr'><strong>Scripserat</strong></span> <span class='ocrx_word' id='word_1_239' title='bbox 726 3467 827 3518; x_wconf 89' lang='lat' dir='ltr'><strong>nutem</strong></span> <span class='ocrx_word' id='word_1_240' title='bbox 847 3454 976 3521; x_wconf 80' lang='lat' dir='ltr'><strong>Thomas</strong></span> <span class='ocrx_word' id='word_1_241' title='bbox 994 3458 1135 3540; x_wconf 74' lang='lat' dir='ltr'><strong>Magister</strong></span> <span class='ocrx_word' id='word_1_242' title='bbox 1155 3458 1194 3520; x_wconf 79' lang='lat' dir='ltr'><strong>etl</strong></span> <span class='ocrx_word' id='word_1_243' title='bbox 1211 3458 1332 3531; x_wconf 82' lang='lat' dir='ltr'><strong>Plutum,</strong></span> 
     </span>
     <span class='ocr_line' id='line_1_29' title="bbox 222 3558 1333 3645; baseline -0.004 -22"><span class='ocrx_word' id='word_1_244' title='bbox 222 3560 321 3623; x_wconf 82' lang='lat' dir='ltr'><strong>Nubes</strong></span> <span class='ocrx_word' id='word_1_245' title='bbox 340 3570 370 3622; x_wconf 93' lang='lat' dir='ltr'><strong>et</strong></span> <span class='ocrx_word' id='word_1_246' title='bbox 389 3560 505 3638; x_wconf 82' lang='lat' dir='ltr'><strong>Renes,</strong></span> <span class='ocrx_word' id='word_1_247' title='bbox 533 3558 773 3641; x_wconf 70' lang='lat' dir='ltr'><strong>stequentissime</strong></span> <span class='ocrx_word' id='word_1_248' title='bbox 798 3558 934 3621; x_wconf 83' lang='lat' dir='ltr'><strong>laudatas</strong></span> <span class='ocrx_word' id='word_1_249' title='bbox 960 3570 991 3622; x_wconf 91' lang='lat' dir='ltr'><strong>st</strong></span> <span class='ocrx_word' id='word_1_250' title='bbox 1016 3560 1183 3645; x_wconf 84' lang='lat' dir='ltr'><strong>explicatas</strong></span> <span class='ocrx_word' id='word_1_251' title='bbox 1208 3567 1269 3623; x_wconf 88' lang='lat' dir='ltr'><strong>tres</strong></span> <span class='ocrx_word' id='word_1_252' title='bbox 1294 3558 1333 3619; x_wconf 78' lang='lat' dir='ltr'><strong>ta·</strong></span> 
     </span>
     <span class='ocr_line' id='line_1_30' title="bbox 221 3655 1330 3746; baseline -0.006 -20"><span class='ocrx_word' id='word_1_253' title='bbox 221 3655 315 3726; x_wconf 78' lang='lat' dir='ltr'><strong>bulns&#39;</strong></span> <span class='ocrx_word' id='word_1_254' title='bbox 329 3661 543 3739; x_wconf 84' lang='lat' dir='ltr'><strong>celeberrimus,</strong></span> <span class='ocrx_word' id='word_1_255' title='bbox 564 3659 678 3722; x_wconf 91' lang='lat' dir='ltr'><strong>ecbolia</strong></span> <span class='ocrx_word' id='word_1_256' title='bbox 700 3658 764 3746; x_wconf 76' lang='lat'><strong>⁶⁸),</strong></span> <span class='ocrx_word' id='word_1_257' title='bbox 784 3682 860 3743; x_wconf 84' lang='lat' dir='ltr'><strong>qnae</strong></span> <span class='ocrx_word' id='word_1_258' title='bbox 883 3662 983 3723; x_wconf 88' lang='lat' dir='ltr'><strong>omnia</strong></span> <span class='ocrx_word' id='word_1_259' title='bbox 1004 3664 1123 3727; x_wconf 86' lang='lat' dir='ltr'><strong>blarcns</strong></span> <span class='ocrx_word' id='word_1_260' title='bbox 1145 3666 1284 3727; x_wconf 84' lang='lat' dir='ltr'><strong>blnsurus</strong></span> <span class='ocrx_word' id='word_1_261' title='bbox 1302 3660 1330 3719; x_wconf 91' lang='lat' dir='ltr'><strong>in</strong></span> 
     </span>
     <span class='ocr_line' id='line_1_31' title="bbox 166 3754 1328 3845; baseline -0.004 -19"><span class='ocrx_word' id='word_1_262' title='bbox 166 3754 170 3765; x_wconf 72' lang='lat'>&#39;</span> <span class='ocrx_word' id='word_1_263' title='bbox 221 3764 406 3827; x_wconf 83' lang='lat' dir='ltr'><strong>scholiorum</strong></span> <span class='ocrx_word' id='word_1_264' title='bbox 426 3762 604 3824; x_wconf 87' lang='lat' dir='ltr'><strong>collectione</strong></span> <span class='ocrx_word' id='word_1_265' title='bbox 621 3764 754 3845; x_wconf 87' lang='lat' dir='ltr'><strong>recepit,</strong></span> <span class='ocrx_word' id='word_1_266' title='bbox 777 3764 940 3845; x_wconf 85' lang='lat' dir='ltr'><strong>ceterisque</strong></span> <span class='ocrx_word' id='word_1_267' title='bbox 955 3766 1129 3843; x_wconf 73' lang='lat' dir='ltr'><strong>admiscuit,</strong></span> <span class='ocrx_word' id='word_1_268' title='bbox 1159 3788 1224 3829; x_wconf 87' lang='lat' dir='ltr'><strong>meo</strong></span> <span class='ocrx_word' id='word_1_269' title='bbox 1240 3775 1328 3827; x_wconf 88' lang='lat' dir='ltr'><strong>autem</strong></span> 
     </span>
     <span class='ocr_line' id='line_1_32' title="bbox 220 3862 1327 3951; baseline -0.004 -22"><span class='ocrx_word' id='word_1_270' title='bbox 220 3862 334 3929; x_wconf 82' lang='lat' dir='ltr'><strong>iudicio</strong></span> <span class='ocrx_word' id='word_1_271' title='bbox 354 3868 512 3949; x_wconf 80' lang='lat' dir='ltr'><strong>seperatim</strong></span> <span class='ocrx_word' id='word_1_272' title='bbox 529 3866 617 3927; x_wconf 77' lang='lat' dir='ltr'><strong>eslere</strong></span> <span class='ocrx_word' id='word_1_273' title='bbox 639 3863 761 3939; x_wconf 83' lang='lat' dir='ltr'><strong>debuit,</strong></span> <span class='ocrx_word' id='word_1_274' title='bbox 782 3867 911 3947; x_wconf 87' lang='lat' dir='ltr'><strong>utquid</strong></span> <span class='ocrx_word' id='word_1_275' title='bbox 934 3866 1065 3928; x_wconf 81' lang='lat' dir='ltr'><strong>Thomas</strong></span> <span class='ocrx_word' id='word_1_276' title='bbox 1091 3868 1242 3951; x_wconf 75' lang='lat' dir='ltr'><strong>Magistri,</strong></span> <span class='ocrx_word' id='word_1_277' title='bbox 1262 3862 1327 3948; x_wconf 86' lang='lat' dir='ltr'><strong>quid</strong></span> 
     </span>
     <span class='ocr_line' id='line_1_33' title="bbox 220 3966 1326 4053; baseline -0.005 -20"><span class='ocrx_word' id='word_1_278' title='bbox 220 3970 348 4033; x_wconf 87' lang='lat' dir='ltr'><strong>aliorum</strong></span> <span class='ocrx_word' id='word_1_279' title='bbox 366 3980 458 4051; x_wconf 85' lang='lat' dir='ltr'><strong>esset,</strong></span> <span class='ocrx_word' id='word_1_280' title='bbox 478 3977 618 4051; x_wconf 81' lang='lat' dir='ltr'><strong>accurate</strong></span> <span class='ocrx_word' id='word_1_281' title='bbox 636 3966 805 4029; x_wconf 55' lang='lat' dir='ltr'><strong>&amp;carnem</strong></span> <span class='ocrx_word' id='word_1_282' title='bbox 823 3988 988 4053; x_wconf 83' lang='lat' dir='ltr'><strong>possemus.</strong></span> <span class='ocrx_word' id='word_1_283' title='bbox 1029 3970 1110 4033; x_wconf 85' lang='lat' dir='ltr'><strong>Hinc</strong></span> <span class='ocrx_word' id='word_1_284' title='bbox 1130 3972 1163 4033; x_wconf 90' lang='lat' dir='ltr'><strong>in</strong></span> <span class='ocrx_word' id='word_1_285' title='bbox 1184 3969 1326 4051; x_wconf 82' lang='lat' dir='ltr'><strong>exempla·</strong></span> 
     </span>
    </p>
   </div>
   <div class='ocr_carea' id='block_1_11' title="bbox 221 4145 427 4165">
    <p class='ocr_par' dir='ltr' id='par_1_13' title="bbox 221 4145 427 4165">
     <span class='ocr_line' id='line_1_34' title="bbox 221 4145 427 4165; baseline -0.015 0"><span class='ocrx_word' id='word_1_286' title='bbox 221 4145 427 4165; x_wconf 60' lang='lat' dir='ltr'>—u—-b-——n-</span> 
     </span>
    </p>
   </div>
   <div class='ocr_carea' id='block_1_12' title="bbox 179 4232 1216 4399">
    <p class='ocr_par' dir='ltr' id='par_1_14' title="bbox 179 4232 1216 4399">
     <span class='ocr_line' id='line_1_35' title="bbox 179 4232 1204 4313; baseline 0.023 -36"><span class='ocrx_word' id='word_1_287' title='bbox 179 4232 187 4241; x_wconf 80' lang='grc'><em>·</em></span> <span class='ocrx_word' id='word_1_288' title='bbox 252 4242 294 4311; x_wconf 81' lang='lat' dir='ltr'><strong>aa)</strong></span> <span class='ocrx_word' id='word_1_289' title='bbox 311 4242 390 4296; x_wconf 66' lang='lat' dir='ltr'><strong>M.</strong></span> <span class='ocrx_word' id='word_1_290' title='bbox 408 4237 604 4294; x_wconf 52' lang='lat' dir='ltr'><strong>&amp;nnumin</strong></span> <span class='ocrx_word' id='word_1_291' title='bbox 621 4235 701 4293; x_wconf 72' lang='lat' dir='ltr'><strong>Arist.</strong></span> <span class='ocrx_word' id='word_1_292' title='bbox 719 4236 1013 4309; x_wconf 72' lang='lat' dir='ltr'><strong>v01,11,p.xxxtx</strong></span> <span class='ocrx_word' id='word_1_293' title='bbox 1028 4256 1085 4313; x_wconf 80' lang='lat' dir='ltr'><strong>seq·</strong></span> <span class='ocrx_word' id='word_1_294' title='bbox 1202 4266 1204 4271; x_wconf 93' lang='lat'>·</span> 
     </span>
     <span class='ocr_line' id='line_1_36' title="bbox 251 4323 1216 4399; baseline 0.026 -34"><span class='ocrx_word' id='word_1_295' title='bbox 251 4323 1216 4399; x_wconf 52' lang='lat' dir='ltr'><strong>opmmttamunstnquotrisillsdruatalotarsseam·</strong></span> 
     </span>
    </p>
   </div>
   <div class='ocr_carea' id='block_1_13' title="bbox 0 0 1396 4959">
    <p class='ocr_par' dir='ltr' id='par_1_15' title="bbox 0 0 1396 4959">
     <span class='ocr_line' id='line_1_37' title="bbox 0 0 1396 4959; baseline 0 7"><span class='ocrx_word' id='word_1_296' title='bbox 0 0 1396 4959; x_wconf 95' lang='lat' dir='ltr'><strong> </strong></span> 
     </span>
    </p>
   </div>
  </div>
 </body>
</html>
