2784 4959
239 385 372 522 um*
530 517 535 527 ,
574 438 1020 519 couuaurarto

236 644 382 715 tempore,
401 632 533 695 maxime
553 634 656 712 colligi
677 633 765 695 debet
785 634 865 711 inde,
887 633 970 714 quod
991 630 1225 715 dessoplaoolis
1242 636 1364 699 victoriis

238 738 318 827 dixit
331 735 386 808 ²³).
431 736 634 811 Quamobrem
652 738 826 815 quaeritur,
847 748 948 799 utrum
969 738 1033 817 ipse
1056 738 1232 817 repetierit
1253 740 1364 801 Aristo-

172 841 176 847 ’
236 840 304 900 talia
325 840 451 916 librum,
483 838 693 919 addideritque
718 840 834 901 labulas
864 850 933 921 post
954 840 1157 901 Aristotelem
1181 840 1308 920 doctas;
1335 864 1364 903 au

228 942 481 1002 ‘commentarium
503 942 651 1002 duntaxat
671 942 710 1001 ad
731 944 919 1003 Aristotelem
940 942 1074 1003 scribere
1099 942 1254 1003 voluerit.
1290 944 1364 1017 Quas

234 1044 358 1124 quidem
379 1044 529 1123 quaestio,
552 1044 691 1121 quoniam
713 1044 759 1103 bis
781 1053 898 1105 tuntum
922 1044 1000 1105 liber
1017 1052 1298 1119 commemoretur,
1318 1064 1364 1105 ex·

144 1174 148 1186 ·
233 1146 351 1225 plicatu
367 1154 411 1207 est
433 1144 617 1230 difficillima.
662 1146 703 1205 At
724 1148 1003 1229 quomodocumque
1023 1166 1075 1207 res
1100 1164 1173 1207 sesa
1192 1143 1297 1221 habet,
1315 1147 1361 1203 vix

234 1249 291 1308 erit
312 1249 486 1329 quisquam,
508 1248 561 1327 qui
583 1250 693 1327 cogitet
714 1249 753 1309 da
774 1268 852 1309 nova
874 1250 994 1311 illorum
1009 1256 1291 1309 monumentorum
1304 1247 1360 1306 col-

232 1348 361 1411 lectione
379 1349 436 1427 2⁴).
1087 1352 1092 1357 “

318 1453 387 1513 Νοη
407 1452 462 1513 diu
483 1452 663 1539 Alexandria
691 1461 723 1511 et
743 1450 904 1529 Pergamus
926 1448 1114 1525 floruerant,
1148 1472 1249 1532 quum
1270 1473 1286 1511 s
1304 1452 1355 1509 llo·

134 1576 141 1619 :
231 1555 327 1615 mania
350 1574 453 1615 eorum
475 1554 597 1632 regibus
618 1553 791 1631 debellatis,
819 1555 930 1613 Itomae
953 1551 1020 1611 urbi
1046 1572 1166 1631 parere
1188 1555 1354 1633 inciperent.

231 1654 289 1716 Sed
311 1656 371 1715 ium
391 1666 479 1717 autea
502 1658 633 1717 Graecae
653 1657 772 1717 litterae
794 1658 918 1717 Romam
941 1654 1058 1715 deletae
1091 1676 1160 1717 non
1183 1658 1283 1719 solum
1303 1654 1353 1715 elli·

231 1757 365 1833 ciebant,
401 1768 436 1819 ut
461 1762 561 1841 poesis
582 1760 626 1819 ibi
647 1760 848 1820 efflorescerst
876 1767 906 1819 et
932 1777 981 1817 ars
1010 1759 1155 1821 oratorie
1179 1770 1212 1820 et
1233 1758 1352 1840 philoso-

230 1858 318 1939 phia;
361 1860 414 1920 sed
444 1862 538 1930 etism,
562 1873 657 1923 artem
685 1865 819 1923 criticam
848 1870 878 1921 et
908 1861 1139 1938 grammaticam
1169 1862 1262 1925 simul
1292 1860 1349 1918 illoc

229 1963 461 2041 uenalerebaut.
504 1965 573 2039 Qus
603 1986 641 2025 ex
668 1985 703 2025 re
732 1973 795 2025 tota
824 1964 992 2023 litterarum
1019 1966 1237 2025 Romanarum
1266 1960 1349 2033 saciet,

123 2147 127 2157 Ι
230 2084 318 2149 quam
339 2064 489 2147 hodieque
511 2068 702 2139 admiramur,
725 2077 796 2129 nata
818 2076 863 2127 est
878 2066 934 2141 ²⁶).
977 2069 1021 2125 Ac
1041 2070 1202 2146 prosectu
1218 2088 1285 2127 eum
1300 2075 1346 2123 m.

229 2169 334 2245 gordia
356 2168 422 2250 ipae
444 2171 675 2231 didascaliarum
697 2190 817 2250 quoque
839 2168 1064 2231 condendarum
1089 2170 1283 2234 cousuetudo
1299 2168 1348 2225 llo·

158 2259 160 2263 ’
227 2252 306 2331 mam
328 2274 456 2333 uuuaiit.
498 2274 579 2337 luter
599 2280 704 2353 poetas
726 2274 814 2346 enirn,
836 2272 888 2352 qui
903 2274 1013 2331 Romae
1034 2274 1160 2334 tabulas
1184 2274 1344 2338 docueuut

227 2372 261 2433 t.
283 2374 356 2435 sitii
377 2396 485 2436 nomen
507 2386 552 2438 eat
574 2373 868 2447 celeberrimarum).
910 2374 941 2433 Is
969 2384 1069 2449 autern
1104 2396 1178 2437 cum
1206 2372 1290 2456 potiri
1307 2366 1345 2426 li·

227 2477 350 2537 storiam
370 2476 428 2538 sibi
446 2480 613 2539 ‘ornandam
634 2478 772 2558 sumpsit,
795 2499 855 2541 uon
877 2478 973 2539 solum
989 2478 1152 2539 ouuslibus
1166 2496 1258 2539 versu
1273 2490 1342 2531 com*

227 2576 351 2657 positis,
384 2580 440 2640 sed
468 2581 556 2640 etiam
584 2582 706 2661 scriptis
734 2580 865 2660 pedsetri
894 2582 1029 2641 orations
1058 2582 1249 2654 didascalus,
1281 2588 1341 2653 quit

226 2679 377 2739 interdum
399 2700 416 2739 s
438 2682 590 2741 veteribus
610 2684 811 2765 scriptoribus
832 2683 862 2741 in
882 2694 982 2761 partes
1003 2694 1169 2745 vocentur.
1211 2682 1302 2758 siqua
1319 2672 1339 2729 it

227 2800 289 2839 uon
309 2779 407 2841 solum
428 2784 631 2845 Romanorum
660 2792 818 2866 poetarum
845 2785 965 2845 nomina
987 2784 1225 2865 fabularumque
1245 2782 1339 2841 doru-

226 2900 295 2941 rum
324 2890 461 2964 tempora
490 2884 664 2966 descripsit,
707 2887 760 2949 sed
790 2908 828 2947 ex
858 2887 980 2949 Graecis
1008 2888 1164 2960 sontibus,
1198 2894 1234 2945 ut
1265 2887 1336 2961 pult»

228 2982 344 3044 Graeca
364 2984 396 3045 in
416 3006 504 3047 suum
523 2988 634 3051 librum
656 2990 809 3053 transtulit
828 2989 885 3073 Ἦ).
929 2989 1014 3065 Quos
1044 3001 1149 3053 autem
1178 2988 1272 3049 fontes
1296 2996 1336 3039 ’θ’

229 3160 437 3178 ᾖ

241 3266 281 3341 ²³)
298 3272 464 3330 casaubonus
481 3273 612 3330 verissime
647 3275 724 3329 rimus
741 3276 860 3341 coniecit,
879 3276 912 3329 ad
930 3277 996 3331 lruuc
1013 3276 1109 3333 librum
1126 3272 1265 3347 pertinere,
1280 3274 1333 3335 ‘ll'⁸

165 3348 169 3359 ·
293 3344 408 3413 scriptor
428 3345 502 3399 ritae
525 3344 597 3415 Soplr
639 3365 686 3400 eae
709 3346 789 3411 dixit,
821 3348 927 3412 „einer
949 3346 1044 3418 ἐλαβεν
1068 3346 1193 3411 εἴκοσιν,
1219 3334 1256 3399 oie
1275 3340 1331 3399 W*

293 3412 487 3482 Kopiouoest‘

239 3494 283 3565 ¹⁴)
299 3496 340 3549 De
358 3499 430 3553 Cret
448 3499 556 3553 Mallote
573 3499 657 3565 tacui,
675 3499 709 3554 da
726 3518 777 3570 quo
794 3502 861 3557 idern
880 3503 964 3565 valet,
983 3502 1050 3569 quod
1069 3498 1104 3553 de
1122 3489 1267 3551 Aristarcho
1282 3484 1328 3535 ⁸¹¹⁸*

292 3583 325 3616 ea
349 3566 445 3619 dictum
468 3576 515 3620 est.
559 3568 656 3621 Contra
680 3572 852 3625 Aristarchum
878 3570 1002 3641 pugnavit
1028 3570 1083 3623 lere
1107 3580 1215 3633 semper·
1249 3546 1326 3629 (Μ

291 3632 649 3706 ΡωΙοςς.ρ.0οιΧΧνΙΙ.)
665 3638 706 3691 ltu
718 3640 845 3693 diversum
858 3642 891 3692 de
905 3641 988 3693 llheso
1002 3636 1131 3704 Euripidis
1144 3629 1261 3685 iudicium
1271 3618 1325 3673 utre

291 3702 339 3755 eu.
355 3706 460 3774 Argum.
477 3706 546 3757 itlius
562 3707 675 3759 tabulae.
711 3708 790 3761 Omisi
809 3718 946 3777 praeterea
963 3708 1080 3774 lluqonis
1106 3705 1201 3757 librum
1224 3692 1281 3757 „pl
1296 3688 1326 3739 θ’·

291 3772 463 3840 uumerus,
481 3790 497 3828 s
514 3775 597 3828 lousio
614 3781 729 3829 notatum
749 3776 816 3830 llist.
833 3778 929 3831 Philos.
947 3776 1035 3846 script.
1053 3774 1100 3840 lV,
1118 3790 1143 3826 u.
1157 3774 1201 3834 28,
1218 3784 1244 3838 p·
1256 3756 1307 3813 257·

239 3870 280 3940 ²⁸)
298 3872 354 3927 Cir.
372 3874 477 3941 Mauso,
495 3878 655 3933 Verniselrte
670 3878 812 3933 Schriften.
931 3894 934 3901 ’

239 3974 280 4045 ¹⁰)
298 3976 355 4059 (Jir.
371 3979 419 4031 tu.
437 3978 473 4031 G.
490 3980 596 4051 Laugii,
613 3980 686 4035 Prot.
704 3980 839 4047 Portum„
855 3980 1029 4051 praeceptoris
1047 3978 1095 4033 mel
1114 3957 1322 4083 ἀροῦεεξωῖἔυζῖἷ

290 4044 611 4193 &dimidiari
623 4053 908 4173 ‚latiturus
931 4052 1264 4193 teterrimum
1284 4095 1321 4169 u.

255 4240 259 4250 ¹
290 4188 370 4263 terum
387 4184 562 4252 Philotam,
579 4188 684 4250 admisi,
708 4189 754 4241 cir.
773 4206 798 4257 p.
811 4192 852 4251 3.,
876 4206 961 4257 usque
977 4190 1062 4259 plures
1080 4200 1137 4238 oum
1154 4174 1251 4247 K⁰lk¹⁰
1266 4166 1317 4218 m

291 4266 392 4304 uomina
408 4256 497 4319 poetes
515 4256 592 4308 luisse
608 4256 713 4324 scripsi,
732 4256 781 4309 ctr.
798 4272 823 4325 p.
840 4258 865 4310 7.

240 4330 282 4401 ”l
299 4334 368 4391 00¹¹·
384 4336 435 4407 ΙΙΙ,
451 4354 510 4411 cup.
525 4340 583 4407 xt,
600 4342 701 4397 Nouius
717 4358 738 4395 s.
755 4358 782 4397 v.
799 4342 943 4397 Temerlus.
1016 4378 1019 4385 »
