2784 4959
222 395 292 472 DE
321 395 765 474 Atttst'ot‘flnttts
792 395 945 476 VITA.
1007 427 1155 478 eccum

61 588 191 664 obiecieaa3
211 589 300 649 timul
320 585 528 666 tnetttrtema,
556 586 701 650 Periclem
721 597 879 676 propterea
905 609 969 652 non
994 589 1102 654 dehere
1123 593 1155 654 in

62 699 233 770 erumpunt
265 689 384 752 edduoi.
433 687 572 768 ttrgnnm
599 709 668 752 eum
694 689 897 772 eximiumue
925 693 1017 752 [uiue
1044 693 1154 772 rhum,

62 791 177 868 quandin
198 789 416 858 ttlrenienrium
437 789 532 868 gioria
559 791 694 872 florebit,
722 802 856 872 cenetat5
884 793 1030 854 nonnolla
1051 804 1153 856 extare

62 892 108 950 eiua
126 892 209 966 stou,
229 893 325 957 matre
344 891 573 974 reprehensioni
595 894 738 972 obnoxia,
758 905 874 956 eertum
896 906 959 970 eet3
980 897 1033 976 qui
1053 905 1153 958 autern

63 993 133 1052 multe
150 995 294 1074 praendere
314 995 383 1075 egit,
404 995 436 1056 in
457 995 560 1058 multit
584 996 715 1060 eximite·
733 1007 788 1075 αἲ,
812 997 839 1058 ie
859 997 1032 1058 laudatione
1051 1007 1156 1072 neutra

63 1104 93 1154 eet
115 1096 300 1174 digniuineue.
349 1098 436 1178 tpm
463 1098 685 1162 criminatione·
717 1101 771 1179 qui
798 1101 1057 1180 contemplantur,
1092 1121 1155 1162 non

64 1195 168 1258 obtirirri
191 1199 313 1276 debeat,
344 1199 428 1280 quod
451 1205 543 1281 poeta
573 1221 676 1266 coram
703 1201 791 1283 plebe
810 1201 950 1280 loquitar
969 1201 1153 1281 Athenienri,

64 1297 99 1356 nri
114 1300 215 1362 erimar
234 1313 298 1366 eret
320 1322 339 1364 e
359 1311 464 1364 nom
486 1301 618 1381 alienae,
646 1321 797 1384 quamque
821 1305 956 1368 comicae
975 1311 1067 1386 poeta
1095 1326 1152 1365 ne-

64 1399 144 1478 gligere
161 1423 216 1464 uon
236 1404 375 1468 debehat.
418 1405 514 1466 Unam
535 1405 630 1490 igitur
643 1406 852 1482 eogimtionem
873 1407 968 1466 oolam
990 1415 1154 1467 teneamur.

65 1499 165 1579 Vittbaa,
191 1525 285 1586 aeque
312 1513 398 1566 tante
417 1507 589 1570 calamitate
609 1506 708 1588 dignis
728 1527 767 1568 ex
792 1508 907 1568 mueeie
927 1507 1040 1568 hellam
1066 1508 1154 1568 Pelo·

65 1605 235 1679 poaneiaeum
265 1617 313 1670 eet
351 1609 523 1676 conflatum.
581 1609 628 1672 Itu
657 1609 778 1672 demum
805 1629 906 1690 neque
940 1607 1153 1690 Arietophaaia

64 1722 137 1782 neque
152 1709 257 1773 Perioiia
278 1709 386 1790 agendi
413 1711 492 1774 retio
520 1711 629 1776 iuiutte
649 1711 851 1788 diiudicetur3
882 1712 925 1774 ite
944 1712 1102 1792 uuiueque
1120 1722 1152 1772 et

64 1807 157 1870 virtue
174 1822 203 1876 et
220 1813 295 1878 vitia
317 1814 514 1893 agnoecimua.

123 1927 190 1992 tter
208 1943 304 2008 autem
327 1934 427 1994 omnia
448 1951 497 1993 me
516 1933 694 2014 admonent,
723 1943 760 1996 at
782 1933 821 1997 de
840 1933 1011 1997 dioerimine
1031 1918 1151 2012 loquer,

65 2028 123 2104 quad
140 2032 192 2094 sere
210 2055 328 2117 semper
346 2035 426 2096 inter
440 2033 629 2116 Thucydidi·
650 2036 806 2100 hietoritrn
827 2046 858 2098 et
875 2035 1086 2117 Aristophanis
1100 2055 1152 2096 co·

65 2131 160 2196 uaediat
184 2135 347 2200 irttereedit.
389 2137 539 2200 Permulta
565 2139 661 2216 enim,
691 2159 768 2220 qnae
789 2137 826 2200 ah
856 2135 1057 2216 Ariatophane
1086 2145 1151 2195 tan.

67 2242 147 2305 guttur
162 2237 297 2322 illiuaque
321 2249 416 2302 aetate
437 2237 562 2302 Athenin
583 2238 768 2319 acciderunt,
788 2243 830 2302 ite
849 2250 955 2302 aunta
975 2236 1152 2318 Thucydide

66 2335 155 2416 onina,
173 2351 205 2402 ut
223 2363 259 2406 ne
279 2343 408 2406 minime
438 2342 559 2426 quidem
588 2361 691 2402 eorum
719 2342 832 2402 mentio
859 2340 1027 2417 iniieiatur3
1057 2347 1092 2399 ut
1112 2358 1152 2399 ne

66 2435 181 2504 cirinum
199 2445 321 2526 quidem
342 2465 447 2508 eoram
467 2444 635 2526 reperiatur
655 2442 823 2522 vestigium.
866 2442 986 2503 Praeter
1005 2439 1152 2520 exempta,

67 2555 118 2614 qut
133 2543 182 2604 iam
204 2549 374 2630 tetigimue,
403 2547 461 2608 alia
484 2547 578 2608 muita
598 2555 700 2627 poetae
724 2554 844 2623 tangere
862 2543 1006 2623 cogimur.
1049 2541 1152 2618 Quum

67 2657 107 2714 qut
130 2646 205 2708 modo
232 2649 263 2712 id
296 2651 412 2712 iactum
440 2649 494 2724 eit,
527 2657 646 2729 petent,
672 2647 706 2708 id
727 2667 820 2708 unum
840 2655 991 2728 oupueet,
1019 2651 1055 2704 ut
1076 2663 1152 2724 quae

68 2743 174 2808 munus
192 2750 239 2812 ille
260 2754 395 2834 scriptor
411 2751 526 2812 iudicio
542 2771 597 2812 auo
614 2749 779 2812 emittenda
800 2748 932 2824 duxerit,
952 2745 1151 2827 inquiramue.

68 2837 97 2897 ht
112 2845 217 2924 primum
239 2853 363 2934 quidem
392 2873 452 2913 non
481 2873 570 2914 unam
598 2853 649 2914 ille
676 2852 783 2913 urbem
804 2851 949 2932 petriam,
976 2867 1037 2910 non
1059 2867 1149 2908 unam

68 2955 149 3018 ⁸Pectat
164 2966 292 3032 gentem,
321 2955 374 3018 eed
397 2975 514 3016 omnem
536 2955 693 3016 Graeciam
715 2973 816 3014 corum
843 2953 989 3034 adspectu
1016 2969 1070 3011 etto
1092 2969 1152 3029 po-

68 3045 115 3106 tuit.
147 3051 252 3118 Bellum
266 3057 556 3139 Peloponneeiacurn
570 3057 627 3117 eibi
641 3055 771 3116 scrihere
787 3054 961 3136 proposuit3
981 3071 1043 3111 non
1059 3047 1150 3110 Athe·

68 3159 156 3227 narum,
179 3177 233 3220 aon
254 3159 503 3232 Lacedaemonia,
536 3179 599 3220 non
620 3154 758 3218 Corinthi
778 3151 934 3216 hietoriam
962 3171 1149 3232 componere.

69 3241 226 3338 Quumque
256 3259 352 3340 igitur
383 3281 444 3321 non
471 3259 510 3320 etl
541 3259 651 3320 bellum
673 3255 887 3338 explicandum
913 3253 1011 3334 magni
1032 3251 1150 3334 aliquid

69 3348 199 3437 unierunt,
226 3363 464 3445 praetermittere
496 3371 618 3423 coactae
649 3368 725 3420 erat.
773 3357 934 3439 Propterea
965 3358 1082 3432 omnia,
1111 3375 1149 3416 ex

69 3443 114 3524 ip„
130 3455 294 3526 Athenarum
322 3463 449 3526 hietoria
469 3465 578 3546 petita,
610 3461 693 3541 apud
713 3457 942 3541 Aristophanem
964 3455 1085 3538 quidem
1108 3455 1149 3514 ie-

72 3545 149 3634 Pfflt⁸3
175 3562 202 3622 in
221 3565 407 3646 Thucydidi·
436 3575 535 3626 antona
563 3563 687 3624 hietoria
716 3563 829 3622 fruetra
856 3559 1048 3642 requirimur.
1089 3559 1150 3620 Sed

70 3663 182 3724 iuuere·
207 3669 261 3730 alia
291 3677 377 3730 extet
406 3689 524 3732 caueam
567 3669 632 3728 Une
653 3675 700 3727 eet
720 3662 881 3744 cogitatio,
908 3681 997 3743 quam
1017 3661 1149 3740 Thucy-

70 3745 128 3814 dit„
144 3763 174 3824 ab
192 3766 276 3830 initio
295 3769 471 3850 profitetur,
502 3779 532 3829 et
554 3769 593 3830 ad
620 3767 710 3828 finem
730 3783 827 3844 oeque
853 3763 923 3824 libri
949 3766 1061 3841 tenuit,
1090 3786 1150 3845 que

69 3845 120 3914 belli
140 3862 208 3930 inter
235 3873 364 3932 Graecae
392 3869 526 3930 civitatee
545 3867 621 3948 greti
642 3864 892 3946 magnitudinem,
921 3865 971 3926 vel
992 3876 1026 3925 ut
1046 3868 1150 3927 veriue

70 3947 157 4065 Pimfflp
172 3972 344 4036 maieetatenr
365 3967 570 4055 sentiebant).
615 3953 773 4048 Eaipeiue
793 3965 864 4026 titur·
886 3966 1092 4050 apiendorem,
1114 3989 1149 4030 ea

70 4121 236 4160 κὴ·-

81 4249 155 4316 ‘'idh-
170 4267 320 4341 &tiegettm
342 4270 370 4324 ta
394 4267 488 4322 iudicio
511 4265 545 4324 de
568 4265 689 4324 Romenie
710 4264 882 4338 scriptoribue
904 4266 957 4321 tato
979 4268 1046 4324 bene
1063 4272 1152 4322 ortm-

98 4334 274 4404 A'Mittuntur
293 4367 317 4404 u.
340 4349 489 4405 Telmun.
509 4348 531 4402 Ι.
904 4358 945 4397 ua
